unix_timestamp,lastUpdateId,bid_price_0,bid_qty_0,bid_price_1,bid_qty_1,bid_price_2,bid_qty_2,bid_price_3,bid_qty_3,bid_price_4,bid_qty_4,bid_price_5,bid_qty_5,bid_price_6,bid_qty_6,bid_price_7,bid_qty_7,bid_price_8,bid_qty_8,bid_price_9,bid_qty_9,ask_price_0,ask_qty_0,ask_price_1,ask_qty_1,ask_price_2,ask_qty_2,ask_price_3,ask_qty_3,ask_price_4,ask_qty_4,ask_price_5,ask_qty_5,ask_price_6,ask_qty_6,ask_price_7,ask_qty_7,ask_price_8,ask_qty_8,ask_price_9,ask_qty_9
1758739035.564676,171693925569,2.288100,44.000000,2.287700,3600.150000,2.287500,6219.730000,2.287400,1344.110000,2.287100,936.950000,2.287000,16.890000,2.286800,655.930000,2.286600,42.570000,2.286500,829.000000,2.286400,1021.400000,2.288300,31.750000,2.288700,18302.130000,2.288800,28.950000,2.288900,4.360000,2.289000,146.680000,2.289100,175.830000,2.289200,98.750000,2.289300,1323.950000,2.289400,880.960000,2.289500,12.930000
1758739040.840928,171693956515,2.287200,880.960000,2.287100,44.000000,2.287000,33.810000,2.286800,4609.480000,2.286700,1077.460000,2.286600,42.570000,2.286400,1212.730000,2.286200,107.420000,2.286100,174.570000,2.286000,878.220000,2.287600,3134.630000,2.287700,96.270000,2.287900,8443.650000,2.288000,2016.890000,2.288200,10.000000,2.288500,65.990000,2.288600,95.200000,2.288700,1977.690000,2.288800,215.530000,2.288900,13.100000
1758739041.1411092,171693959003,2.287300,431.960000,2.287200,1536.780000,2.287100,44.000000,2.286700,1077.460000,2.286600,42.570000,2.286500,87.720000,2.286400,1212.730000,2.286300,154.390000,2.286200,107.420000,2.286100,174.570000,2.287700,96.270000,2.288000,2016.890000,2.288200,10.000000,2.288500,65.990000,2.288600,95.200000,2.288700,9860.010000,2.288800,215.530000,2.288900,8456.750000,2.289000,146.680000,2.289200,2.510000
1758739041.3976793,171693962076,2.287400,44.000000,2.287300,1344.110000,2.287200,880.960000,2.287100,3265.370000,2.286700,1077.460000,2.286600,42.570000,2.286400,1212.730000,2.286200,107.420000,2.286100,174.570000,2.286000,6434.570000,2.287500,8763.280000,2.287700,16590.790000,2.287900,3134.630000,2.288000,10780.170000,2.288100,8763.280000,2.288200,43.810000,2.288300,8443.650000,2.288500,65.990000,2.288600,95.200000,2.288700,1096.730000
1758739041.647463,171693963577,2.287400,475.960000,2.287300,1344.110000,2.287200,880.960000,2.287100,3265.370000,2.286700,1077.460000,2.286600,42.570000,2.286400,1212.730000,2.286300,87.720000,2.286200,107.420000,2.286100,174.570000,2.287600,33.810000,2.287700,16016.940000,2.287900,3134.630000,2.288000,2016.890000,2.288200,10.000000,2.288300,8443.650000,2.288500,65.990000,2.288600,95.200000,2.288700,9860.010000,2.288800,215.530000
1758739041.9237778,171693965336,2.287300,1344.110000,2.287200,914.770000,2.286700,1077.460000,2.286600,42.570000,2.286400,1212.730000,2.286300,87.720000,2.286200,107.420000,2.286100,174.570000,2.286000,1032.610000,2.285900,1182.560000,2.287700,15979.110000,2.287800,3134.630000,2.288000,2016.890000,2.288200,10.000000,2.288300,8443.650000,2.288500,65.990000,2.288600,95.200000,2.288700,10740.970000,2.288800,215.530000,2.288900,13.100000
1758739042.206196,171693966625,2.287300,1776.070000,2.287200,880.960000,2.286700,1077.460000,2.286600,42.570000,2.286400,1212.730000,2.286300,87.720000,2.286200,107.420000,2.286100,174.570000,2.286000,1032.610000,2.285900,1216.370000,2.287700,15751.330000,2.287800,1092.750000,2.288000,2016.890000,2.288200,10.000000,2.288300,8443.650000,2.288500,65.990000,2.288600,95.200000,2.288700,1977.690000,2.288800,8978.810000,2.288900,13.100000
1758739042.4864476,171693968175,2.287300,1344.110000,2.287200,880.960000,2.286800,33.810000,2.286700,4342.830000,2.286600,42.570000,2.286400,1212.730000,2.286200,107.420000,2.286100,262.290000,2.286000,878.220000,2.285900,1148.750000,2.287500,3134.630000,2.287700,15751.330000,2.287800,1092.750000,2.288000,2016.890000,2.288200,10.000000,2.288300,8443.650000,2.288500,65.990000,2.288600,8858.480000,2.288700,1977.690000,2.288800,215.530000
1758739042.7454197,171693970013,2.287200,880.960000,2.286800,1377.920000,2.286700,4342.830000,2.286600,42.570000,2.286400,1212.730000,2.286200,107.420000,2.286100,262.290000,2.286000,878.220000,2.285900,1148.750000,2.285800,779.320000,2.287500,3134.630000,2.287600,269.730000,2.287700,15751.330000,2.287800,1092.750000,2.288000,2016.890000,2.288200,10.000000,2.288300,8443.650000,2.288500,65.990000,2.288600,95.200000,2.288700,1977.690000
1758739043.0069096,171693971473,2.286900,4033.090000,2.286800,1377.920000,2.286700,1077.460000,2.286600,42.570000,2.286400,1212.730000,2.286200,195.140000,2.286100,174.570000,2.286000,878.220000,2.285900,1148.750000,2.285800,745.510000,2.287600,269.730000,2.287700,18774.140000,2.287800,1092.750000,2.288000,2016.890000,2.288200,10.000000,2.288300,8443.650000,2.288500,65.990000,2.288600,95.200000,2.288700,1977.690000,2.288800,215.530000
1758739043.2619998,171693973039,2.287100,1312.920000,2.287000,133.370000,2.286900,4033.090000,2.286800,1344.110000,2.286700,1077.460000,2.286600,42.570000,2.286400,1212.730000,2.286200,195.140000,2.286100,174.570000,2.286000,878.220000,2.287500,100.440000,2.287600,365.990000,2.287700,15751.330000,2.287800,1092.750000,2.288000,2016.890000,2.288200,10.000000,2.288300,17206.930000,2.288500,8829.270000,2.288700,1977.690000,2.288800,215.530000
1758739043.5098116,171693974929,2.287200,431.960000,2.287100,4258.150000,2.287000,99.560000,2.286900,655.900000,2.286800,1344.110000,2.286700,1077.460000,2.286600,130.290000,2.286400,1367.120000,2.286200,283.250000,2.286100,258.040000,2.287700,15751.330000,2.287800,1092.750000,2.287900,3022.810000,2.288000,2016.890000,2.288200,8767.140000,2.288300,8443.650000,2.288500,65.990000,2.288700,1977.690000,2.288800,215.530000,2.288900,13.100000
1758739043.7656982,171693976264,2.287300,1377.920000,2.287200,89.710000,2.287100,4258.150000,2.287000,99.560000,2.286900,655.900000,2.286700,1077.460000,2.286600,130.290000,2.286400,1367.120000,2.286200,283.250000,2.286100,258.040000,2.287600,13.040000,2.287700,11910.980000,2.287800,1092.750000,2.287900,3022.810000,2.288000,2016.890000,2.288200,10.000000,2.288300,8443.650000,2.288400,8757.140000,2.288500,65.990000,2.288700,1977.690000
1758739044.019945,171693977854,2.287400,431.960000,2.287300,1344.110000,2.287200,123.520000,2.287100,4258.150000,2.287000,99.560000,2.286900,655.900000,2.286700,1077.460000,2.286600,130.290000,2.286400,1367.120000,2.286200,283.250000,2.287700,9812.810000,2.287800,1097.120000,2.287900,3022.810000,2.288000,2016.890000,2.288200,8767.140000,2.288400,8443.650000,2.288500,65.990000,2.288700,1977.690000,2.288800,215.530000,2.288900,13.100000
1758739044.3273265,171693979737,2.287300,1344.110000,2.287200,89.710000,2.287100,880.960000,2.287000,3476.750000,2.286900,655.900000,2.286700,1077.460000,2.286600,130.290000,2.286400,1367.120000,2.286200,283.250000,2.286100,258.040000,2.287700,9812.810000,2.287800,4119.930000,2.288000,2021.260000,2.288200,8453.650000,2.288300,8757.140000,2.288500,65.990000,2.288700,1977.690000,2.288800,215.530000,2.288900,13.100000,2.289000,146.680000
1758739044.5996368,171693981242,2.287300,1776.070000,2.287200,89.710000,2.287100,914.770000,2.287000,3476.750000,2.286900,655.900000,2.286700,1077.460000,2.286600,42.570000,2.286400,1290.460000,2.286200,283.250000,2.286100,258.040000,2.287700,9812.810000,2.287800,4119.930000,2.288000,2021.260000,2.288200,8771.510000,2.288300,8443.650000,2.288500,65.990000,2.288600,8757.140000,2.288700,1977.690000,2.288800,215.530000,2.288900,8.740000
1758739044.8501754,171693982748,2.286600,728.750000,2.286400,365.580000,2.286200,1184.900000,2.286100,174.570000,2.286000,4255.410000,2.285900,407.470000,2.285800,591.120000,2.285700,2272.910000,2.285600,1559.940000,2.285500,1738.480000,2.286700,8757.140000,2.286800,11779.950000,2.287100,44.000000,2.287600,8443.650000,2.287700,9797.760000,2.287800,1978.080000,2.288000,2025.630000,2.288200,14.370000,2.288500,65.990000,2.288600,13.620000
1758739045.2134283,171693984292,2.286600,728.750000,2.286400,331.770000,2.286200,1184.900000,2.286100,214.930000,2.286000,878.220000,2.285900,319.750000,2.285800,591.120000,2.285700,2239.100000,2.285600,1559.940000,2.285500,1738.480000,2.287000,8757.140000,2.287100,44.000000,2.287600,8443.650000,2.287700,9797.760000,2.287800,1978.080000,2.288000,2025.630000,2.288200,18.740000,2.288500,65.990000,2.288600,13.620000,2.288700,1977.690000
1758739045.3724325,171693985883,2.286600,728.750000,2.286500,44.000000,2.286400,331.770000,2.286300,6.550000,2.286200,1184.900000,2.286100,174.570000,2.286000,4255.410000,2.285900,319.750000,2.285800,624.930000,2.285700,2326.820000,2.286800,3022.810000,2.287700,9797.760000,2.287800,1978.080000,2.288000,10782.770000,2.288200,18.740000,2.288400,4.360000,2.288500,65.990000,2.288600,13.620000,2.288700,1977.690000,2.288800,215.530000
1758739045.6069727,171693987550,2.286400,310.650000,2.286300,6.550000,2.286200,1184.900000,2.286100,208.380000,2.286000,4255.410000,2.285900,319.750000,2.285800,591.120000,2.285700,2326.820000,2.285600,1559.940000,2.285500,1738.480000,2.286700,8757.140000,2.286800,11823.950000,2.287600,8443.650000,2.287700,9797.760000,2.287800,1982.450000,2.288000,2025.630000,2.288200,18.740000,2.288400,4.360000,2.288500,65.990000,2.288600,4387.120000
1758739045.8568532,171693988921,2.286400,529.310000,2.286200,1184.900000,2.286100,214.940000,2.286000,4255.410000,2.285900,319.750000,2.285800,591.120000,2.285700,2326.820000,2.285600,1559.940000,2.285500,1738.480000,2.285400,762.710000,2.286500,8757.140000,2.286800,3066.810000,2.287600,8443.650000,2.287700,9797.760000,2.287800,1982.450000,2.288000,2030.000000,2.288200,18.740000,2.288400,4.360000,2.288500,65.990000,2.288600,4387.120000
1758739046.1281927,171693990740,2.286400,1398.660000,2.286200,1184.900000,2.286100,181.130000,2.286000,878.220000,2.285900,319.750000,2.285800,624.930000,2.285700,2239.100000,2.285600,1559.940000,2.285500,1738.480000,2.285400,762.710000,2.286700,93.290000,2.286800,44.000000,2.287100,8757.140000,2.287600,8443.650000,2.287700,9797.760000,2.287800,1982.450000,2.288000,2030.000000,2.288200,18.740000,2.288400,4.360000,2.288500,65.990000
1758739046.3666222,171693992495,2.286400,1442.660000,2.286300,3417.550000,2.286200,1184.900000,2.286100,174.570000,2.286000,878.220000,2.285900,319.750000,2.285800,678.840000,2.285700,2239.100000,2.285600,1714.330000,2.285500,1738.480000,2.287000,91.090000,2.287600,8443.650000,2.287700,9797.760000,2.287800,1982.450000,2.288000,2030.000000,2.288200,18.740000,2.288400,8761.500000,2.288500,65.990000,2.288600,13.620000,2.288700,1977.690000
1758739046.621827,171693993478,2.286600,431.960000,2.286500,99.600000,2.286400,1012.890000,2.286300,6.550000,2.286200,4562.090000,2.286100,174.570000,2.286000,878.220000,2.285900,319.750000,2.285800,712.650000,2.285700,2239.100000,2.287000,3123.210000,2.287500,8849.290000,2.287600,8443.650000,2.287700,9797.760000,2.287800,1982.450000,2.288000,2030.000000,2.288200,18.740000,2.288400,4.360000,2.288500,65.990000,2.288600,13.620000
1758739046.9002607,171693995170,2.286900,218.660000,2.286500,99.600000,2.286400,1891.660000,2.286300,130.270000,2.286200,1184.900000,2.286100,174.570000,2.286000,1032.610000,2.285900,319.750000,2.285800,1679.420000,2.285700,2239.100000,2.287000,100.400000,2.287700,9797.760000,2.287800,1982.450000,2.288000,2030.000000,2.288200,18.740000,2.288300,8757.140000,2.288400,4.360000,2.288500,8823.130000,2.288600,13.620000,2.288700,10421.340000
1758739047.1486328,171693996876,2.287100,44.000000,2.286900,650.620000,2.286800,4225.590000,2.286500,221.130000,2.286400,1847.660000,2.286300,8.740000,2.286200,1339.290000,2.286100,174.570000,2.286000,1137.520000,2.285900,319.750000,2.287600,1937.870000,2.287700,9797.760000,2.287800,1982.450000,2.288000,2030.000000,2.288200,18.740000,2.288400,4.360000,2.288500,65.990000,2.288600,13.620000,2.288700,1977.690000,2.288800,215.530000
1758739047.4032123,171693998535,2.287100,475.960000,2.286900,92.310000,2.286700,33.810000,2.286500,99.600000,2.286400,6309.790000,2.286200,1184.900000,2.286100,262.290000,2.286000,878.220000,2.285900,319.750000,2.285800,10044.950000,2.287200,1937.870000,2.287600,8.430000,2.287700,9797.760000,2.287800,1101.490000,2.287900,8443.650000,2.288000,2910.960000,2.288200,8775.880000,2.288400,8761.500000,2.288500,65.990000,2.288600,13.620000
1758739047.6584969,171693999931,2.286500,259.510000,2.286400,7674.650000,2.286200,1184.900000,2.286100,344.040000,2.286000,878.220000,2.285900,319.750000,2.285800,10044.950000,2.285700,2239.100000,2.285600,1819.240000,2.285500,1738.480000,2.287200,8794.710000,2.287300,44.000000,2.287600,8765.570000,2.287700,9797.760000,2.287800,9545.140000,2.288000,2910.960000,2.288200,18.740000,2.288400,4.360000,2.288500,65.990000,2.288600,13.620000
1758739047.9101903,171694001507,2.286800,655.930000,2.286600,431.960000,2.286500,191.890000,2.286400,1259.230000,2.286300,6362.430000,2.286200,1184.900000,2.286100,344.040000,2.286000,878.220000,2.285900,319.750000,2.285800,1574.510000,2.287000,17514.280000,2.287100,8794.710000,2.287300,44.000000,2.287600,8443.650000,2.287700,9797.760000,2.287800,1101.490000,2.288000,2910.960000,2.288200,18.740000,2.288400,4.360000,2.288500,65.990000
1758739048.2407339,171694003047,2.286700,431.960000,2.286500,191.890000,2.286400,310.650000,2.286300,6083.550000,2.286200,1184.900000,2.286100,344.040000,2.286000,878.220000,2.285900,397.480000,2.285800,1564.410000,2.285700,2234.730000,2.287100,316.450000,2.287500,4.370000,2.287700,9797.760000,2.287800,9545.140000,2.288000,2910.960000,2.288100,8757.140000,2.288200,18.740000,2.288400,4.360000,2.288500,65.990000,2.288600,13.620000
1758739048.414263,171694004520,2.286700,431.960000,2.286500,99.600000,2.286400,436.780000,2.286200,1184.900000,2.286100,174.570000,2.286000,7278.220000,2.285900,319.750000,2.285800,1589.590000,2.285700,2268.550000,2.285600,1559.940000,2.287700,14815.080000,2.287800,9858.630000,2.288000,2910.960000,2.288100,8757.140000,2.288200,18.740000,2.288400,4.360000,2.288500,65.990000,2.288600,13.620000,2.288700,1977.690000,2.288800,211.170000
1758739048.6640031,171694005886,2.287200,44.000000,2.286500,755.620000,2.286400,310.650000,2.286200,1281.170000,2.286100,242.200000,2.286000,878.220000,2.285900,6719.750000,2.285800,1589.590000,2.285700,2230.360000,2.285600,7116.290000,2.287700,6057.940000,2.287800,1101.490000,2.287900,17203.090000,2.288000,2910.960000,2.288200,18.740000,2.288400,4.360000,2.288500,65.990000,2.288600,13.620000,2.288700,1977.690000,2.288800,4582.560000
1758739048.9355793,171694007717,2.287200,44.000000,2.286500,755.620000,2.286400,310.650000,2.286200,1281.170000,2.286100,174.570000,2.286000,1115.320000,2.285900,319.750000,2.285800,1420.120000,2.285700,2225.990000,2.285600,7270.680000,2.287700,6057.940000,2.287800,1101.490000,2.287900,17203.090000,2.288000,2910.960000,2.288200,18.740000,2.288400,4.360000,2.288500,65.990000,2.288600,13.620000,2.288700,1977.690000,2.288800,4582.560000
1758739049.2299454,171694010102,2.286500,317.560000,2.286400,310.650000,2.286200,1281.170000,2.286100,174.570000,2.286000,878.220000,2.285900,401.500000,2.285800,1507.840000,2.285700,2221.620000,2.285600,7116.290000,2.285500,1816.210000,2.287300,44.000000,2.287500,8759.440000,2.287600,8759.440000,2.287700,14817.380000,2.287800,9860.930000,2.288000,2910.960000,2.288200,18.740000,2.288400,4.360000,2.288500,65.990000,2.288600,13.620000
1758739049.6223516,171694012488,2.286500,104.620000,2.286200,862.220000,2.286100,174.570000,2.286000,974.530000,2.285900,6719.750000,2.285800,591.120000,2.285700,956.160000,2.285600,1729.410000,2.285500,1738.480000,2.285400,762.710000,2.286600,8871.080000,2.287200,95.380000,2.287300,880.960000,2.287700,14501.590000,2.287800,1101.490000,2.288000,2910.960000,2.288200,18.740000,2.288400,144.800000,2.288500,163.410000,2.288600,13.620000
1758739049.7816837,171694014434,2.286200,322.780000,2.286100,174.570000,2.286000,974.530000,2.285900,319.750000,2.285800,591.120000,2.285700,956.160000,2.285600,1725.040000,2.285500,1738.480000,2.285400,762.710000,2.285300,5745.680000,2.286600,44.000000,2.286700,67.640000,2.286900,8759.440000,2.287200,95.380000,2.287300,880.960000,2.287700,14501.590000,2.287800,1101.490000,2.288000,2910.960000,2.288200,18.740000,2.288400,144.800000
1758739050.042537,171694016234,2.286100,174.570000,2.286000,878.220000,2.285900,319.750000,2.285800,586.750000,2.285700,171.510000,2.285600,9032.550000,2.285500,1738.480000,2.285400,767.080000,2.285300,34.940000,2.285200,991.900000,2.286500,67.640000,2.286600,924.960000,2.286800,1261.090000,2.287000,8759.440000,2.287200,95.380000,2.287300,890.960000,2.287600,182.500000,2.287700,6057.940000,2.287800,1101.490000,2.287900,4374.070000
1758739050.2976182,171694018058,2.286000,878.220000,2.285900,319.750000,2.285800,586.750000,2.285700,171.510000,2.285600,9028.180000,2.285500,1738.480000,2.285400,771.450000,2.285300,34.940000,2.285200,991.900000,2.285100,5747.720000,2.286600,992.600000,2.286800,1261.090000,2.287100,8759.440000,2.287200,95.380000,2.287300,890.960000,2.287600,8626.150000,2.287700,6057.940000,2.287800,1104.630000,2.287900,4374.070000,2.288000,2910.960000
1758739050.5624652,171694019878,2.286000,878.220000,2.285900,319.750000,2.285800,586.750000,2.285700,171.510000,2.285600,2628.180000,2.285500,1738.480000,2.285400,771.450000,2.285300,34.940000,2.285200,2252.990000,2.285100,5578.250000,2.286600,44.000000,2.286800,1328.730000,2.286900,8759.440000,2.287200,95.380000,2.287300,890.960000,2.287600,8626.150000,2.287700,6057.940000,2.287800,1104.630000,2.287900,4374.070000,2.288000,2910.960000
1758739050.817955,171694021559,2.286000,878.220000,2.285900,319.750000,2.285800,586.750000,2.285700,6571.510000,2.285600,2628.180000,2.285500,1738.480000,2.285400,771.450000,2.285300,34.940000,2.285200,2422.460000,2.285100,21.900000,2.286400,67.640000,2.286500,8759.440000,2.286600,44.000000,2.286800,1261.090000,2.287200,95.380000,2.287300,890.960000,2.287600,8626.150000,2.287700,6057.940000,2.287800,1104.630000,2.287900,4374.070000
1758739051.2493174,171694022692,2.286000,705.550000,2.285900,319.750000,2.285800,586.750000,2.285700,6571.510000,2.285600,2628.180000,2.285500,1738.480000,2.285400,771.450000,2.285300,34.940000,2.285200,2422.460000,2.285100,5578.250000,2.286600,111.630000,2.286800,1261.090000,2.287200,95.380000,2.287300,890.960000,2.287600,17385.590000,2.287700,6057.940000,2.287800,1104.630000,2.287900,4374.070000,2.288000,2910.960000,2.288100,74.260000
1758739051.4663827,171694025038,2.286200,169.470000,2.286100,431.960000,2.286000,1361.710000,2.285900,493.800000,2.285800,586.750000,2.285700,2476.550000,2.285600,2628.180000,2.285500,1738.480000,2.285400,771.450000,2.285300,5591.290000,2.286600,44.000000,2.287200,95.380000,2.287300,890.960000,2.287500,67.630000,2.287600,182.500000,2.287700,8788.390000,2.287800,1104.630000,2.288000,2910.960000,2.288100,74.260000,2.288200,18.740000
1758739051.7415504,171694027158,2.287000,5927.860000,2.286600,96.300000,2.286500,591.070000,2.286400,1375.590000,2.286300,154.390000,2.286200,1271.090000,2.286100,259.300000,2.286000,1361.710000,2.285900,319.750000,2.285800,586.750000,2.287600,70.890000,2.287700,28.950000,2.287800,1576.770000,2.287900,33.820000,2.288000,2910.960000,2.288100,108.070000,2.288200,18.740000,2.288400,144.800000,2.288500,163.410000,2.288600,8773.060000
1758739052.0550394,171694029273,2.287200,44.000000,2.286600,1455.250000,2.286400,880.960000,2.286300,265.740000,2.286200,1271.090000,2.286000,1516.100000,2.285900,319.750000,2.285800,846.050000,2.285700,2217.250000,2.285600,2628.180000,2.287400,5376.710000,2.287500,33.820000,2.287700,28.950000,2.287800,1104.630000,2.288000,2910.960000,2.288100,74.260000,2.288200,18.740000,2.288400,144.800000,2.288500,163.410000,2.288600,13.620000
1758739052.425183,171694031176,2.285800,272.530000,2.285700,510.630000,2.285600,2628.180000,2.285500,2567.480000,2.285400,771.450000,2.285300,34.940000,2.285200,2061.370000,2.285100,21.900000,2.285000,1444.830000,2.284900,11.310000,2.286300,8759.440000,2.286500,8759.440000,2.286700,8759.440000,2.286900,76.830000,2.287000,16.890000,2.287100,55.990000,2.287200,77.950000,2.287300,948.590000,2.287500,8573.440000,2.287700,28.950000
1758739052.7439842,171694032787,2.285800,272.530000,2.285700,13.090000,2.285600,2628.180000,2.285500,2567.480000,2.285400,771.450000,2.285300,34.940000,2.285200,2061.370000,2.285100,21.900000,2.285000,1444.830000,2.284900,11.310000,2.286200,44.000000,2.286600,8759.440000,2.286700,15326.040000,2.286900,77.950000,2.287000,16.890000,2.287100,55.990000,2.287300,880.960000,2.287400,67.630000,2.287500,1390.880000,2.287600,253.730000
1758739053.0868132,171694034451,2.285600,2341.270000,2.285500,1738.480000,2.285400,771.450000,2.285300,34.940000,2.285200,2061.370000,2.285100,21.900000,2.285000,1434.830000,2.284900,11.310000,2.284800,41.710000,2.284700,1757.360000,2.286100,15236.270000,2.286200,133.760000,2.286300,77.950000,2.286600,9324.610000,2.287000,270.620000,2.287100,55.990000,2.287300,880.960000,2.287400,243.340000,2.287500,1390.880000,2.287700,28.950000
1758739053.4064903,171694036618,2.285500,1738.480000,2.285400,771.450000,2.285300,34.940000,2.285200,800.280000,2.285100,21.900000,2.285000,563.870000,2.284900,11.310000,2.284800,41.710000,2.284700,2833.770000,2.284600,124.920000,2.285700,76.830000,2.285800,6400.000000,2.285900,9001.360000,2.286200,201.390000,2.286500,8443.650000,2.286600,1163.640000,2.287000,192.600000,2.287100,55.990000,2.287300,890.960000,2.287500,1390.880000
1758739053.7188137,171694038245,2.285500,1738.480000,2.285400,771.450000,2.285300,34.940000,2.285200,800.280000,2.285100,21.900000,2.285000,553.870000,2.284900,11.310000,2.284800,41.710000,2.284700,496.270000,2.284600,124.920000,2.285600,31156.680000,2.285700,394.400000,2.285800,1406.620000,2.285900,1701.120000,2.286100,441.960000,2.286200,44.000000,2.286300,8443.650000,2.286400,1261.090000,2.286600,909.910000,2.287000,16.890000
1758739053.9730315,171694040492,2.285200,663.880000,2.285100,21.900000,2.285000,553.870000,2.284900,11.310000,2.284800,177.050000,2.284700,688.010000,2.284600,124.920000,2.284500,82.280000,2.284400,148.950000,2.284300,344.150000,2.285600,34981.570000,2.285700,458.300000,2.285800,4375.410000,2.285900,1537.150000,2.286100,8769.440000,2.286400,1261.090000,2.286600,909.910000,2.287000,16.890000,2.287100,729.170000,2.287200,43.720000
1758739054.2709193,171694043219,2.284800,41.710000,2.284700,688.010000,2.284600,124.920000,2.284500,82.280000,2.284400,148.950000,2.284300,344.150000,2.284200,1545.500000,2.284100,74.260000,2.284000,526.620000,2.283900,128.820000,2.285300,44453.770000,2.285400,1261.090000,2.285500,163.980000,2.285600,135.340000,2.285700,262.690000,2.285900,1537.150000,2.286000,16.890000,2.286100,500.660000,2.286200,4134.880000,2.286400,1261.090000
1758739054.5846267,171694045532,2.283400,180.230000,2.283300,78.330000,2.283200,36.470000,2.283100,842.630000,2.283000,307.100000,2.282900,68.920000,2.282800,29.440000,2.282700,40.140000,2.282600,39.240000,2.282500,71.540000,2.283500,14060.550000,2.283600,880.960000,2.284200,44.000000,2.284500,17944.870000,2.284600,1345.760000,2.284900,490.930000,2.285000,26.890000,2.285100,5182.050000,2.285400,2090.090000,2.285500,67.630000
1758739054.8761406,171694047763,2.283000,307.100000,2.282900,68.920000,2.282800,29.440000,2.282700,40.140000,2.282600,39.240000,2.282500,71.540000,2.282400,703.310000,2.282300,765.490000,2.282200,258.070000,2.282100,524.080000,2.283100,6400.000000,2.283400,140.420000,2.283500,6958.690000,2.283600,880.960000,2.283900,8771.740000,2.284100,8771.740000,2.284400,2441.450000,2.284500,28.950000,2.284600,129.790000,2.284900,490.930000
1758739055.1469417,171694049410,2.283000,165.680000,2.282900,68.920000,2.282800,29.440000,2.282700,30.140000,2.282600,39.240000,2.282500,71.540000,2.282400,703.310000,2.282300,765.490000,2.282200,258.070000,2.282100,524.080000,2.283100,44614.900000,2.283200,44.000000,2.283400,1357.510000,2.283600,880.960000,2.283800,10.000000,2.284000,16.890000,2.284100,43.780000,2.284200,9262.880000,2.284400,10913.790000,2.284500,4167.820000
1758739055.4839668,171694051677,2.282300,650.090000,2.282200,258.070000,2.282100,524.080000,2.282000,197.050000,2.281900,251.280000,2.281800,305.690000,2.281700,163.380000,2.281600,201.630000,2.281500,89.550000,2.281400,1327.570000,2.282800,926.820000,2.282900,44.000000,2.283000,135.340000,2.283100,26.650000,2.283400,1261.090000,2.283500,96.420000,2.283600,880.960000,2.283800,43.820000,2.283900,4138.870000,2.284000,16.890000
1758739055.7877345,171694053876,2.281800,94.780000,2.281700,163.380000,2.281600,201.630000,2.281500,970.510000,2.281400,1327.570000,2.281300,2038.600000,2.281200,639.080000,2.281100,12.060000,2.281000,160.530000,2.280900,293.310000,2.282100,12831.050000,2.282400,1357.550000,2.282800,26122.470000,2.282900,67.650000,2.283000,152.230000,2.283300,13154.250000,2.283400,1290.040000,2.283600,880.960000,2.283800,10.000000,2.283900,829.000000
1758739056.1154864,171694056101,2.281400,1204.470000,2.281300,2038.600000,2.281200,639.080000,2.281100,12.060000,2.281000,160.530000,2.280900,293.310000,2.280800,892.740000,2.280700,286.970000,2.280600,36.440000,2.280500,94.610000,2.281600,8771.740000,2.281700,8896.740000,2.282300,105.220000,2.282400,1261.090000,2.282600,880.960000,2.282900,55.990000,2.283000,16.890000,2.283100,129.790000,2.283400,1333.830000,2.283600,880.960000
1758739056.3698878,171694058817,2.281400,1379.500000,2.281300,2038.600000,2.281200,639.080000,2.281100,12.060000,2.281000,160.530000,2.280900,293.310000,2.280800,11.780000,2.280700,286.970000,2.280600,3196.440000,2.280500,94.610000,2.281500,12011.740000,2.281700,8815.740000,2.281900,880.960000,2.282300,235.510000,2.282400,5644.170000,2.282600,880.960000,2.282700,43.800000,2.282900,55.990000,2.283000,16.890000,2.283100,129.790000
1758739056.6174765,171694060710,2.281400,602.960000,2.281300,2038.600000,2.281200,639.080000,2.281100,12.060000,2.281000,160.530000,2.280900,293.310000,2.280800,11.780000,2.280700,286.970000,2.280600,36.440000,2.280500,94.610000,2.281500,48883.570000,2.281700,44.000000,2.281900,880.960000,2.282100,96.480000,2.282300,105.220000,2.282400,1261.090000,2.282600,890.960000,2.282700,43.800000,2.282900,55.990000,2.283000,542.190000
1758739056.932685,171694063340,2.281300,2515.120000,2.280200,348.290000,2.280100,757.230000,2.280000,2747.680000,2.279900,221.770000,2.279800,225.340000,2.279700,472.520000,2.279600,504.250000,2.279500,24.580000,2.279400,1246.680000,2.281500,69.340000,2.281600,129.790000,2.281700,4.380000,2.281800,880.960000,2.282000,88.470000,2.282100,12730.880000,2.282300,8679.670000,2.282400,1401.530000,2.282500,8771.740000,2.282600,907.720000
1758739057.2498834,171694065651,2.281300,219.110000,2.281100,844.090000,2.280300,385.820000,2.280200,651.390000,2.280100,2855.900000,2.280000,2747.680000,2.279900,221.770000,2.279800,55.150000,2.279700,3274.360000,2.279600,840.990000,2.281400,317.510000,2.282000,20.820000,2.282100,141.950000,2.282300,130.780000,2.282400,1401.530000,2.282500,200.000000,2.282600,394.200000,2.282800,2.510000,2.282900,55.990000,2.283000,16.890000
1758739057.449354,171694067525,2.282000,2515.120000,2.281800,924.960000,2.281400,170.190000,2.281300,431.960000,2.281200,154.780000,2.281100,2105.180000,2.281000,1348.820000,2.280600,1261.090000,2.280500,76.880000,2.280300,463.910000,2.282100,74.260000,2.282300,34.320000,2.282400,140.440000,2.282500,296.490000,2.282600,394.200000,2.282800,2.510000,2.282900,55.990000,2.283000,16.890000,2.283100,716.540000,2.283200,3892.910000
1758739057.72017,171694069501,2.282300,2515.120000,2.282200,39.620000,2.281800,880.960000,2.281500,10.000000,2.281300,549.110000,2.281200,81.990000,2.281100,2105.180000,2.281000,1244.350000,2.280900,2980.690000,2.280800,83.540000,2.282800,2.510000,2.282900,55.990000,2.283000,16.890000,2.283100,4697.880000,2.283200,8.030000,2.283400,10061.780000,2.283500,8554.940000,2.283600,9662.700000,2.283800,17.710000,2.283900,97.420000
1758739057.9680994,171694071036,2.282200,39.620000,2.282000,2515.120000,2.281800,880.960000,2.281500,10.000000,2.281300,460.910000,2.281100,2105.180000,2.281000,1259.760000,2.280900,2804.980000,2.280800,154.780000,2.280600,1533.960000,2.282300,8771.740000,2.282500,8771.740000,2.282600,67.690000,2.282700,3884.880000,2.282800,12.510000,2.282900,8499.640000,2.283000,16.890000,2.283100,716.540000,2.283200,8.030000,2.283400,1290.040000
1758739058.22077,171694072351,2.282200,33.050000,2.281800,3396.080000,2.281500,10.000000,2.281300,460.910000,2.281100,2105.180000,2.281000,1259.760000,2.280900,3.140000,2.280800,154.780000,2.280600,1533.960000,2.280400,150.440000,2.282300,8839.430000,2.282600,3981.330000,2.282800,12.510000,2.282900,55.990000,2.283000,16.890000,2.283100,716.540000,2.283200,8.030000,2.283400,1290.040000,2.283500,43.600000,2.283600,880.960000
1758739058.4736688,171694074007,2.281800,3375.500000,2.281500,10.000000,2.281400,192.430000,2.281300,460.910000,2.281100,2105.180000,2.281000,1259.760000,2.280900,3.140000,2.280800,154.780000,2.280600,1533.960000,2.280400,150.440000,2.282500,179.490000,2.282600,3981.330000,2.282800,12.510000,2.282900,89.850000,2.283000,8460.540000,2.283100,716.540000,2.283200,8.030000,2.283300,8771.740000,2.283400,1290.040000,2.283500,43.600000
1758739058.7308016,171694075581,2.282300,195.620000,2.281900,95.540000,2.281800,3375.500000,2.281500,10.000000,2.281400,192.430000,2.281300,460.910000,2.281100,2105.180000,2.281000,1259.760000,2.280900,3.140000,2.280800,154.780000,2.282600,3884.880000,2.282800,108.970000,2.282900,89.850000,2.283000,16.890000,2.283100,716.540000,2.283200,8.030000,2.283400,10067.170000,2.283500,43.600000,2.283600,9324.610000,2.283700,183.260000
1758739058.9930527,171694077110,2.282300,2710.740000,2.282000,135.490000,2.281900,95.540000,2.281800,860.380000,2.281600,170.190000,2.281500,10.000000,2.281400,347.210000,2.281300,460.910000,2.281200,259.250000,2.281100,2105.180000,2.282700,44.000000,2.282800,12.510000,2.282900,55.990000,2.283000,152.380000,2.283100,4601.420000,2.283200,8.030000,2.283400,1290.040000,2.283500,8854.590000,2.283600,880.960000,2.283700,8626.910000
1758739059.2618802,171694078944,2.282500,880.960000,2.282400,44.000000,2.282300,189.550000,2.281900,95.540000,2.281800,3375.500000,2.281500,10.000000,2.281400,192.430000,2.281300,460.910000,2.281100,2275.370000,2.281000,1918.570000,2.282600,3884.880000,2.282900,23.260000,2.283000,113.330000,2.283100,716.540000,2.283200,8.030000,2.283400,1290.040000,2.283500,77.460000,2.283700,1064.220000,2.283800,17238.490000,2.283900,97.420000
1758739059.6195552,171694080604,2.282400,44.000000,2.282300,189.550000,2.281900,95.540000,2.281800,860.380000,2.281500,10.000000,2.281400,192.430000,2.281300,460.910000,2.281100,2105.180000,2.281000,1089.570000,2.280900,3.140000,2.282900,23.260000,2.283000,16.890000,2.283100,716.540000,2.283200,8.030000,2.283400,1386.490000,2.283500,77.460000,2.283700,1064.220000,2.283800,8461.360000,2.283900,97.420000,2.284000,83.680000
1758739059.971249,171694082839,2.282400,1746.210000,2.282000,652.930000,2.281900,95.540000,2.281800,995.870000,2.281500,180.190000,2.281400,192.430000,2.281300,105.780000,2.281200,77.950000,2.281100,2364.430000,2.281000,1089.570000,2.282600,44.000000,2.282900,23.260000,2.283000,186.240000,2.283100,716.540000,2.283200,4661.820000,2.283300,8443.650000,2.283400,1386.490000,2.283500,43.600000,2.283700,1064.220000,2.283800,17.710000
1758739060.2307713,171694084850,2.281700,111.910000,2.281600,1390.880000,2.281500,325.240000,2.281400,192.430000,2.281300,28.950000,2.281200,33.860000,2.281100,2934.180000,2.281000,1166.450000,2.280900,3.140000,2.280800,78.090000,2.283000,16.890000,2.283100,359.980000,2.283200,8.030000,2.283400,4882.740000,2.283500,43.600000,2.283700,183.260000,2.283800,17.710000,2.283900,97.420000,2.284000,8527.330000,2.284100,8851.390000
1758739060.4218922,171694086431,2.282600,44.000000,2.282300,77.950000,2.282200,1261.090000,2.282100,259.250000,2.281800,1529.860000,2.281600,1390.880000,2.281500,65.990000,2.281400,226.290000,2.281300,2762.540000,2.281200,525.080000,2.283000,8.590000,2.283100,263.520000,2.283200,8.030000,2.283400,228.950000,2.283500,43.600000,2.283700,183.260000,2.283800,6417.710000,2.283900,193.860000,2.284000,83.680000,2.284100,8517.910000
1758739060.6723368,171694088219,2.282700,475.220000,2.282300,164.440000,2.282200,1261.090000,2.282000,171.670000,2.281800,1430.870000,2.281700,259.250000,2.281600,1390.880000,2.281500,894.990000,2.281400,226.290000,2.281300,2839.420000,2.282900,44.000000,2.283300,5882.470000,2.283500,43.600000,2.283700,183.260000,2.283800,17.710000,2.283900,97.420000,2.284000,83.680000,2.284100,8851.390000,2.284200,148.870000,2.284300,8499.640000
1758739060.928948,171694089696,2.282700,431.960000,2.282500,714.710000,2.282300,28.950000,2.282200,1261.090000,2.282000,171.670000,2.281800,1295.380000,2.281700,259.250000,2.281600,1390.880000,2.281500,894.990000,2.281400,226.290000,2.282900,44.000000,2.283300,5882.470000,2.283500,43.600000,2.283700,183.260000,2.283800,17.710000,2.283900,97.420000,2.284000,83.680000,2.284100,74.260000,2.284200,17873.320000,2.284300,55.990000
1758739061.1879017,171694090873,2.283000,44.000000,2.282900,1261.090000,2.282800,1187.250000,2.282500,880.960000,2.282300,164.440000,2.282200,1261.090000,2.282000,16.890000,2.281800,1295.380000,2.281600,1390.880000,2.281500,894.990000,2.283500,43.600000,2.283700,183.260000,2.283800,17.710000,2.283900,97.420000,2.284000,83.680000,2.284100,74.260000,2.284200,148.870000,2.284300,55.990000,2.284400,1029.910000,2.284500,64.100000
1758739061.4459677,171694092901,2.283100,1076.180000,2.283000,714.710000,2.282900,1493.040000,2.282800,200.000000,2.282600,154.780000,2.282500,880.960000,2.282400,259.250000,2.282300,28.950000,2.282200,3994.680000,2.282000,16.890000,2.283800,5685.290000,2.283900,51.290000,2.284000,83.680000,2.284100,74.260000,2.284200,148.870000,2.284300,55.990000,2.284400,1029.910000,2.284500,64.100000,2.284600,184.920000,2.284700,496.270000
1758739061.6976051,171694094282,2.283200,106.680000,2.283100,446.850000,2.283000,863.270000,2.282900,1261.090000,2.282800,200.000000,2.282600,154.780000,2.282500,880.960000,2.282400,259.250000,2.282300,62.810000,2.282200,3994.680000,2.283800,5406.470000,2.283900,51.290000,2.284000,83.680000,2.284100,8851.390000,2.284200,148.870000,2.284300,55.990000,2.284400,9473.560000,2.284500,64.100000,2.284600,184.920000,2.284700,496.270000
1758739061.9546707,171694095698,2.283400,44.000000,2.283200,242.170000,2.283100,402.850000,2.283000,1273.170000,2.282900,1261.090000,2.282800,200.000000,2.282600,154.780000,2.282500,1073.110000,2.282400,259.250000,2.282300,28.950000,2.283700,5406.470000,2.284300,55.990000,2.284400,1029.910000,2.284500,64.100000,2.284600,184.920000,2.284700,496.270000,2.284800,362.990000,2.284900,21.310000,2.285000,8978.510000,2.285100,880.960000
1758739062.2074137,171694096981,2.283100,338.550000,2.283000,279.640000,2.282900,2316.590000,2.282800,200.000000,2.282600,154.780000,2.282500,1073.110000,2.282400,259.250000,2.282300,28.950000,2.282200,3994.680000,2.282100,74.260000,2.283600,186.040000,2.283700,5344.500000,2.283900,8777.130000,2.284200,8777.130000,2.284300,55.990000,2.284400,1029.910000,2.284500,64.100000,2.284600,8628.570000,2.284700,496.270000,2.284800,362.990000
1758739062.5413227,171694098469,2.283200,44.000000,2.283100,38.550000,2.283000,279.640000,2.282800,200.000000,2.282600,1055.500000,2.282500,1073.110000,2.282300,28.950000,2.282200,3994.680000,2.282100,333.510000,2.282000,20.820000,2.283400,5344.500000,2.283600,126.640000,2.284300,55.990000,2.284400,1029.910000,2.284500,8595.950000,2.284600,184.920000,2.284700,496.270000,2.284800,192.800000,2.284900,8798.440000,2.285000,201.380000
1758739062.7127612,171694100326,2.282900,657.050000,2.282800,172.140000,2.282700,1269.940000,2.282600,16.100000,2.282500,192.150000,2.282300,28.950000,2.282200,1261.090000,2.282100,74.260000,2.282000,20.820000,2.281800,1295.380000,2.283300,214.690000,2.283400,44.000000,2.283800,8777.130000,2.284000,16.890000,2.284200,8777.130000,2.284300,55.990000,2.284400,1029.910000,2.284500,64.100000,2.284600,8628.570000,2.284700,496.270000
1758739062.9656248,171694101782,2.283400,44.000000,2.282900,2355.100000,2.282800,188.250000,2.282700,1269.940000,2.282500,1421.290000,2.282300,288.200000,2.282200,1261.090000,2.282100,74.260000,2.282000,20.820000,2.281800,1406.120000,2.283700,4952.390000,2.284000,16.890000,2.284300,55.990000,2.284400,1029.910000,2.284500,8841.230000,2.284600,184.920000,2.284700,9444.030000,2.284800,192.800000,2.284900,8798.440000,2.285000,201.380000
1758739063.2677524,171694103116,2.283400,44.000000,2.283000,135.490000,2.282900,657.050000,2.282800,188.250000,2.282500,1266.510000,2.282300,28.950000,2.282200,1261.090000,2.282100,74.260000,2.282000,20.820000,2.281800,1329.240000,2.283500,8777.130000,2.284000,16.890000,2.284300,55.990000,2.284400,9807.040000,2.284500,64.100000,2.284600,184.920000,2.284700,496.270000,2.284800,192.800000,2.284900,8464.960000,2.285000,201.380000
1758739063.4638667,171694104635,2.283400,44.000000,2.283000,169.350000,2.282900,657.050000,2.282800,172.140000,2.282700,94.010000,2.282600,1892.410000,2.282500,1266.510000,2.282300,28.950000,2.282200,1415.870000,2.282100,74.260000,2.283500,4507.590000,2.283700,8777.130000,2.284000,16.890000,2.284300,55.990000,2.284400,9983.010000,2.284500,64.100000,2.284600,184.920000,2.284700,496.270000,2.284800,192.800000,2.284900,21.310000
1758739063.72347,171694106159,2.282800,172.140000,2.282700,33.860000,2.282500,1266.510000,2.282400,1926.990000,2.282300,122.970000,2.282200,1261.090000,2.282100,74.260000,2.282000,20.820000,2.281900,154.780000,2.281800,1430.870000,2.283700,8770.390000,2.283800,8443.650000,2.284000,16.890000,2.284100,170.630000,2.284300,55.990000,2.284400,1035.250000,2.284500,64.100000,2.284600,184.920000,2.284700,496.270000,2.284800,192.800000
1758739063.9773536,171694107561,2.282800,172.140000,2.282500,1266.510000,2.282300,156.830000,2.282200,3798.870000,2.282100,74.260000,2.282000,20.820000,2.281800,1295.380000,2.281700,252.200000,2.281600,1390.880000,2.281500,988.530000,2.283000,3862.220000,2.283300,44.000000,2.283400,135.490000,2.283700,880.960000,2.283900,88.200000,2.284000,17230.930000,2.284300,55.990000,2.284400,1029.910000,2.284500,64.100000,2.284600,8955.310000
1758739064.230083,171694109054,2.282600,106.010000,2.282500,1933.730000,2.282400,2791.970000,2.282300,28.950000,2.282200,1261.090000,2.282100,74.260000,2.282000,20.820000,2.281900,154.780000,2.281800,1295.380000,2.281700,180.960000,2.283000,44.000000,2.283100,3707.380000,2.283400,135.490000,2.283700,880.960000,2.284000,16.890000,2.284100,170.630000,2.284200,17540.780000,2.284300,55.990000,2.284400,9800.300000,2.284500,64.100000
1758739064.4873843,171694110556,2.282900,1000.000000,2.282600,106.010000,2.282500,1731.530000,2.282300,156.840000,2.282200,4053.060000,2.282100,74.260000,2.282000,20.820000,2.281800,1295.380000,2.281700,252.200000,2.281600,1390.880000,2.283000,3652.030000,2.283100,93.990000,2.283700,880.960000,2.283900,200.000000,2.284000,187.520000,2.284200,8770.390000,2.284300,55.990000,2.284400,1029.910000,2.284500,64.100000,2.284600,184.920000
1758739064.7334597,171694111990,2.282800,2.510000,2.282600,106.010000,2.282500,1731.530000,2.282300,156.840000,2.282200,4053.060000,2.282100,74.260000,2.282000,20.820000,2.281800,1295.380000,2.281700,252.200000,2.281600,1390.880000,2.283000,3610.410000,2.283100,93.990000,2.283400,135.490000,2.283700,9651.350000,2.283900,8970.390000,2.284000,8944.080000,2.284300,55.990000,2.284400,1029.910000,2.284500,64.100000,2.284600,184.920000
1758739064.990198,171694113458,2.282500,808.550000,2.282300,28.950000,2.282100,168.310000,2.282000,3126.350000,2.281800,414.420000,2.281700,97.420000,2.281600,1390.880000,2.281500,1059.770000,2.281300,735.800000,2.281200,304.650000,2.282800,3294.470000,2.283000,2.380000,2.283100,93.990000,2.283400,135.490000,2.283600,366.420000,2.283700,9739.550000,2.283800,82.430000,2.283900,8643.650000,2.284000,8773.450000,2.284100,8770.390000
1758739065.2387807,171694114979,2.282100,10.120000,2.282000,3067.900000,2.281800,414.420000,2.281700,97.420000,2.281600,1390.880000,2.281500,1059.770000,2.281300,735.800000,2.281200,270.790000,2.281100,4838.770000,2.281000,16.890000,2.282500,125.460000,2.282600,44.000000,2.282800,12759.770000,2.283000,16.890000,2.283100,8864.380000,2.283400,164.440000,2.283600,366.420000,2.283700,969.160000,2.283800,82.430000,2.283900,8643.650000
1758739065.490645,171694116339,2.282100,115.400000,2.282000,903.310000,2.281900,10.130000,2.281800,915.300000,2.281700,97.420000,2.281600,1545.660000,2.281500,904.990000,2.281400,83.540000,2.281300,652.260000,2.281200,270.790000,2.282300,33.850000,2.282400,8770.390000,2.282600,44.000000,2.282800,91.610000,2.282900,4898.210000,2.283000,235.000000,2.283100,93.990000,2.283400,8799.340000,2.283600,366.420000,2.283700,969.160000
1758739065.749044,171694117710,2.282100,178.570000,2.282000,2564.560000,2.281900,92.820000,2.281800,915.300000,2.281700,97.420000,2.281600,1390.880000,2.281500,904.990000,2.281300,476.550000,2.281200,270.790000,2.281100,4838.770000,2.282700,107.090000,2.282800,4774.610000,2.283000,235.000000,2.283200,135.490000,2.283400,8799.340000,2.283600,366.420000,2.283700,880.960000,2.283800,88.410000,2.283900,18675.130000,2.284000,8777.380000
1758739065.9976716,171694119109,2.282100,144.710000,2.282000,657.280000,2.281800,1008.110000,2.281700,2592.150000,2.281600,1390.880000,2.281500,904.990000,2.281300,631.330000,2.281200,270.790000,2.281100,2364.430000,2.281000,16.890000,2.282500,3939.130000,2.282700,8869.680000,2.283000,235.000000,2.283400,28.950000,2.283500,170.840000,2.283600,366.420000,2.283700,880.960000,2.283900,9904.740000,2.284000,8777.380000,2.284100,74.260000
1758739066.2746522,171694120429,2.282000,491.990000,2.281800,1008.110000,2.281700,2592.150000,2.281600,1390.880000,2.281500,75.990000,2.281300,631.330000,2.281200,270.790000,2.281100,2364.430000,2.281000,16.890000,2.280900,50.310000,2.282700,8869.680000,2.283000,235.000000,2.283200,135.490000,2.283400,28.950000,2.283500,170.840000,2.283600,366.420000,2.283700,880.960000,2.283900,1461.090000,2.284000,8777.380000,2.284100,74.260000
1758739066.5025861,171694121789,2.282300,100.640000,2.282000,485.470000,2.281800,915.300000,2.281700,261.710000,2.281600,7790.880000,2.281500,75.990000,2.281300,631.330000,2.281200,135.300000,2.281100,2364.430000,2.281000,16.890000,2.282800,8869.750000,2.282900,8770.390000,2.283000,235.000000,2.283200,135.490000,2.283400,28.950000,2.283500,170.840000,2.283600,366.420000,2.283700,880.960000,2.283900,1461.090000,2.284000,8777.380000
1758739066.7551425,171694123381,2.281700,961.090000,2.281600,10.940000,2.281300,13.080000,2.281200,1261.090000,2.281000,16.890000,2.280700,135.490000,2.280600,4010.810000,2.280400,814.070000,2.280200,348.380000,2.280100,10209.720000,2.282000,8770.390000,2.282100,133.930000,2.282200,67.920000,2.282300,8799.340000,2.282400,76.880000,2.282600,910.230000,2.282800,12161.940000,2.282900,55.990000,2.283000,1115.960000,2.283100,129.790000
1758739067.0047615,171694124789,2.281200,1522.990000,2.281000,16.890000,2.280700,148.570000,2.280600,4010.810000,2.280400,737.190000,2.280200,347.170000,2.280100,2272.300000,2.280000,2837.730000,2.279900,221.770000,2.279800,7979.600000,2.281800,5268.070000,2.281900,157.860000,2.282100,120.880000,2.282300,28.950000,2.282400,213.580000,2.282600,832.140000,2.282800,109.360000,2.282900,55.990000,2.283000,1370.560000,2.283100,129.790000
1758739067.2811348,171694126170,2.281400,3069.640000,2.281300,95.610000,2.281200,1261.090000,2.281000,16.890000,2.280700,135.490000,2.280600,4010.810000,2.280400,737.190000,2.280200,347.170000,2.280100,2657.830000,2.280000,2837.730000,2.281900,6467.920000,2.282100,7342.480000,2.282300,28.950000,2.282400,397.070000,2.282600,832.140000,2.282800,10.000000,2.282900,12118.570000,2.283000,1370.560000,2.283100,129.790000,2.283400,28.950000
1758739067.5108058,171694127578,2.281700,2527.200000,2.281400,3069.640000,2.281300,95.610000,2.281200,1261.090000,2.281100,4.420000,2.281000,16.890000,2.280800,222.000000,2.280700,148.570000,2.280600,1277.220000,2.280400,737.190000,2.281800,6254.880000,2.282000,78.090000,2.282100,7808.040000,2.282200,89.940000,2.282300,28.950000,2.282400,183.490000,2.282500,67.920000,2.282600,832.140000,2.282700,254.600000,2.282800,10.000000
1758739067.765203,171694129033,2.281300,3165.250000,2.281200,1261.090000,2.281000,16.890000,2.280800,222.000000,2.280600,1277.220000,2.280400,727.190000,2.280300,10.000000,2.280200,174.110000,2.280100,2657.830000,2.280000,2759.640000,2.281600,7764.040000,2.281700,13942.040000,2.281800,76.880000,2.281900,7831.960000,2.282000,78.090000,2.282100,44.000000,2.282300,28.950000,2.282400,367.170000,2.282600,842.140000,2.282700,254.600000
1758739068.019724,171694130524,2.281200,1261.090000,2.281000,16.890000,2.280800,222.000000,2.280700,13.080000,2.280600,1277.220000,2.280400,727.190000,2.280300,10.000000,2.280200,309.600000,2.280100,2657.830000,2.280000,5493.230000,2.281500,77.960000,2.281600,6178.000000,2.281800,76.880000,2.281900,33.960000,2.282000,78.090000,2.282300,6936.600000,2.282400,367.170000,2.282600,842.140000,2.282700,254.600000,2.282800,6917.650000
1758739068.2804015,171694131970,2.281100,3069.640000,2.281000,16.890000,2.280700,13.080000,2.280600,1277.220000,2.280400,727.190000,2.280300,10.000000,2.280200,309.600000,2.280100,2657.830000,2.280000,5493.230000,2.279900,221.770000,2.281500,7019.570000,2.281800,829.000000,2.282100,135.490000,2.282300,909.910000,2.282400,367.170000,2.282600,13.140000,2.282800,12072.580000,2.282900,55.990000,2.283000,1115.960000,2.283100,129.790000
1758739068.5356057,171694133479,2.281100,13.090000,2.281000,16.890000,2.280800,3293.590000,2.280600,4348.810000,2.280400,727.190000,2.280300,10.000000,2.280200,309.600000,2.280100,10595.250000,2.280000,5493.230000,2.279900,221.770000,2.281200,6975.570000,2.281300,76.880000,2.281400,89.950000,2.281500,44.000000,2.281600,6178.000000,2.281800,907.090000,2.282300,909.910000,2.282400,367.170000,2.282500,254.600000,2.282600,13.140000
1758739068.7803338,171694134923,2.281000,3101.570000,2.280600,1277.220000,2.280500,222.000000,2.280400,727.190000,2.280300,10.000000,2.280200,309.600000,2.280100,10595.250000,2.280000,5493.230000,2.279900,221.770000,2.279800,42.180000,2.281200,37.770000,2.281300,6178.000000,2.281500,120.880000,2.281700,82.470000,2.281800,829.000000,2.282200,6907.650000,2.282300,909.910000,2.282400,621.770000,2.282600,6920.790000,2.282800,10.000000
1758739069.039389,171694136158,2.281000,16.890000,2.280600,1277.220000,2.280500,774.020000,2.280400,727.190000,2.280300,10.000000,2.280200,309.600000,2.280100,2272.300000,2.280000,5493.230000,2.279900,221.770000,2.279800,42.180000,2.281300,5625.980000,2.281500,120.880000,2.281700,82.470000,2.281800,862.890000,2.281900,4.380000,2.282200,6898.690000,2.282300,1045.400000,2.282400,254.600000,2.282500,6898.690000,2.282600,13.140000
1758739069.3310452,171694137420,2.281400,3071.590000,2.281000,16.890000,2.280600,1277.220000,2.280400,727.190000,2.280300,23.100000,2.280200,309.600000,2.280100,2465.170000,2.280000,5493.230000,2.279900,221.770000,2.279800,42.180000,2.281500,121.060000,2.281700,82.660000,2.281800,829.000000,2.281900,4.380000,2.282100,4.380000,2.282200,6898.690000,2.282300,13231.830000,2.282400,438.280000,2.282600,13.140000,2.282700,176.090000
1758739069.547423,171694138858,2.281400,3028.720000,2.281000,16.890000,2.280600,1277.220000,2.280400,727.190000,2.280300,23.100000,2.280200,1083.620000,2.280100,2465.170000,2.280000,2759.640000,2.279900,221.770000,2.279800,42.180000,2.281500,5669.980000,2.281700,4.380000,2.281800,829.000000,2.281900,6945.940000,2.282000,254.600000,2.282100,4.380000,2.282200,6941.560000,2.282300,1135.360000,2.282400,359.770000,2.282500,1261.090000
1758739069.8002422,171694139892,2.281400,2229.160000,2.281000,16.890000,2.280600,1277.220000,2.280400,727.190000,2.280300,23.100000,2.280200,1083.620000,2.280100,1584.210000,2.280000,2759.640000,2.279900,221.770000,2.279800,42.180000,2.281500,5669.980000,2.281700,4.380000,2.281800,952.840000,2.281900,12321.560000,2.282000,14781.500000,2.282100,4.380000,2.282300,1045.400000,2.282400,359.770000,2.282500,1261.090000,2.282600,13.140000
1758739070.0530894,171694141583,2.281400,2141.300000,2.281000,16.890000,2.280600,16.130000,2.280400,727.190000,2.280300,784.020000,2.280200,322.690000,2.280100,1584.210000,2.280000,2759.640000,2.279900,221.770000,2.279800,42.180000,2.281500,5669.980000,2.281600,4.380000,2.281700,4.380000,2.281800,952.840000,2.281900,12321.560000,2.282000,14781.500000,2.282100,4.380000,2.282300,909.910000,2.282400,359.770000,2.282500,1261.090000
1758739070.3669627,171694143041,2.281000,3088.480000,2.280600,16.130000,2.280500,774.020000,2.280400,727.190000,2.280300,10.000000,2.280200,322.690000,2.280100,1584.210000,2.280000,2759.640000,2.279900,221.770000,2.279800,42.180000,2.281500,13.040000,2.281600,4.380000,2.281700,4.380000,2.281800,1092.710000,2.281900,12321.560000,2.282000,14781.500000,2.282100,4.380000,2.282300,909.910000,2.282400,359.770000,2.282500,1261.090000
1758739070.581099,171694144434,2.281000,3088.480000,2.280600,29.220000,2.280500,774.020000,2.280400,727.190000,2.280300,10.000000,2.280200,309.600000,2.280100,1584.210000,2.280000,2759.640000,2.279900,251.850000,2.279800,42.180000,2.281100,33.890000,2.281200,89.950000,2.281300,13454.960000,2.281500,13.040000,2.281600,4.380000,2.281700,4.380000,2.281800,968.870000,2.281900,12321.560000,2.282000,14781.500000,2.282100,4.380000
1758739070.8352902,171694145853,2.280600,16.130000,2.280500,13.090000,2.280400,727.190000,2.280300,10.000000,2.280200,1083.620000,2.280100,1584.210000,2.280000,2759.640000,2.279900,221.770000,2.279800,42.180000,2.279700,472.520000,2.281000,5669.980000,2.281100,7862.870000,2.281400,4.380000,2.281600,1139.940000,2.281700,4.380000,2.281800,1058.820000,2.281900,12066.960000,2.282000,14974.480000,2.282100,4.380000,2.282300,909.910000
1758739071.1150572,171694147541,2.280600,16.130000,2.280400,727.190000,2.280300,3094.690000,2.280200,174.110000,2.280100,4655.800000,2.280000,2759.640000,2.279900,221.770000,2.279800,42.180000,2.279700,472.520000,2.279600,353.850000,2.281000,44.000000,2.281400,4.380000,2.281500,254.600000,2.281600,889.720000,2.281700,4.380000,2.281800,1002.760000,2.281900,12243.050000,2.282000,14798.390000,2.282100,4.380000,2.282300,909.910000
1758739071.362063,171694148972,2.280600,9.610000,2.280400,727.190000,2.280300,10.000000,2.280200,174.110000,2.280100,2358.230000,2.280000,2759.640000,2.279900,7221.770000,2.279800,177.670000,2.279700,472.520000,2.279600,353.850000,2.280900,5659.870000,2.281000,7872.980000,2.281200,829.000000,2.281400,4.380000,2.281500,254.600000,2.281600,889.720000,2.281700,4.380000,2.281800,144.250000,2.281900,12243.050000,2.282000,14798.390000
1758739071.6202683,171694150482,2.280600,3081.200000,2.280400,727.190000,2.280300,10.000000,2.280200,187.220000,2.280100,2538.790000,2.280000,2789.720000,2.279900,7221.770000,2.279800,42.180000,2.279700,472.520000,2.279600,353.850000,2.280900,5445.420000,2.281000,44.000000,2.281200,829.000000,2.281300,4.380000,2.281400,38.270000,2.281500,254.600000,2.281600,889.720000,2.281700,4.380000,2.281800,8.760000,2.281900,180.470000
1758739071.8875318,171694152071,2.280900,954.580000,2.280700,1918.780000,2.280600,9.610000,2.280400,820.730000,2.280300,3081.590000,2.280200,174.110000,2.280100,1797.980000,2.280000,10727.140000,2.279900,7221.770000,2.279800,42.180000,2.281000,44.000000,2.281300,4.380000,2.281400,4.380000,2.281600,837.760000,2.281700,5449.800000,2.281800,7973.230000,2.281900,12066.960000,2.282000,14798.390000,2.282100,4.380000,2.282300,1164.510000
1758739072.237082,171694153793,2.281100,3071.590000,2.281000,1083.880000,2.280900,44.000000,2.280800,880.960000,2.280700,1918.780000,2.280600,9.610000,2.280500,2.990000,2.280400,850.810000,2.280300,10.000000,2.280200,174.110000,2.281200,335.820000,2.281300,4.380000,2.281400,4.380000,2.281600,8.760000,2.281700,4.380000,2.281800,144.250000,2.281900,4.380000,2.282000,14798.390000,2.282100,4.380000,2.282300,28.950000
1758739072.422773,171694155532,2.281900,3071.590000,2.281800,44.000000,2.281100,30.080000,2.280800,96.530000,2.280700,1261.090000,2.280600,9.610000,2.280400,727.190000,2.280200,218.000000,2.280100,2600.660000,2.280000,2759.640000,2.282000,14770.820000,2.282100,4.380000,2.282300,28.950000,2.282400,183.680000,2.282500,10.000000,2.282600,3.140000,2.282700,83.760000,2.282800,92.430000,2.282900,55.990000,2.283000,1115.960000
1758739072.6703234,171694157445,2.281900,3071.590000,2.281800,44.000000,2.281500,964.580000,2.280900,155.340000,2.280800,880.960000,2.280700,1261.090000,2.280600,9.610000,2.280400,731.610000,2.280300,96.510000,2.280200,291.250000,2.282000,12646.300000,2.282100,4.380000,2.282200,5445.420000,2.282300,28.950000,2.282400,183.680000,2.282500,10.000000,2.282600,3.140000,2.282700,12062.580000,2.282800,10.000000,2.282900,55.990000
1758739072.9271939,171694158923,2.281900,4026.170000,2.281800,633.380000,2.281600,155.340000,2.281400,10.000000,2.281200,1261.090000,2.281000,77.060000,2.280900,96.510000,2.280800,959.240000,2.280700,1261.090000,2.280600,9.610000,2.282000,12646.300000,2.282100,4.380000,2.282300,28.950000,2.282400,183.680000,2.282600,3.140000,2.282800,10.000000,2.282900,55.990000,2.283000,14007.540000,2.283100,6670.210000,2.283400,28.950000
1758739073.1939392,171694160434,2.281900,4026.170000,2.281800,863.470000,2.281500,880.960000,2.281400,10.000000,2.281300,77.060000,2.281200,1261.090000,2.281000,78.280000,2.280900,96.510000,2.280800,880.960000,2.280700,1261.090000,2.282000,12614.820000,2.282100,4.380000,2.282300,28.950000,2.282400,183.680000,2.282600,3.140000,2.282800,10.000000,2.282900,55.990000,2.283000,18572.000000,2.283100,9053.770000,2.283300,7828.980000
1758739073.445631,171694161915,2.281900,2479.780000,2.281800,44.000000,2.281400,10.000000,2.281300,96.510000,2.281200,2215.670000,2.280800,880.960000,2.280700,1261.090000,2.280600,175.320000,2.280400,804.250000,2.280300,43.890000,2.282000,17187.180000,2.282100,4.380000,2.282300,28.950000,2.282400,183.680000,2.282600,3.140000,2.282800,10.000000,2.282900,191.620000,2.283000,14007.540000,2.283100,1224.790000,2.283300,254.600000
1758739073.6952662,171694163337,2.281900,2479.780000,2.281800,44.000000,2.281400,10.000000,2.281300,954.580000,2.281200,1261.090000,2.280900,96.510000,2.280800,880.960000,2.280700,1261.090000,2.280600,9.610000,2.280400,804.250000,2.282000,11620.750000,2.282100,5449.800000,2.282300,106.010000,2.282400,183.680000,2.282500,78.280000,2.282600,3.140000,2.282800,10.000000,2.282900,12118.570000,2.283000,1944.960000,2.283100,1224.790000
1758739074.0402079,171694164844,2.281900,2479.780000,2.281800,44.000000,2.281200,1261.090000,2.280900,96.510000,2.280800,911.040000,2.280700,1261.090000,2.280600,9.610000,2.280400,727.190000,2.280200,353.630000,2.280100,13108.970000,2.282000,17895.170000,2.282100,4.380000,2.282300,28.950000,2.282400,319.310000,2.282500,12072.580000,2.282600,3.140000,2.282800,10.000000,2.282900,310.590000,2.283000,1115.960000,2.283100,1224.790000
1758739074.2122893,171694165578,2.281900,2402.720000,2.281800,44.000000,2.281200,1261.090000,2.281000,954.580000,2.280900,96.510000,2.280700,1261.090000,2.280600,86.670000,2.280400,727.190000,2.280200,383.710000,2.280100,13108.970000,2.282000,17895.170000,2.282100,82.660000,2.282300,28.950000,2.282400,319.310000,2.282500,12072.580000,2.282600,3.140000,2.282800,264.600000,2.282900,55.990000,2.283000,1115.960000,2.283100,1224.790000
1758739074.4740853,171694166273,2.281900,2402.720000,2.281800,44.000000,2.281200,1261.090000,2.281100,96.510000,2.281000,954.580000,2.280700,1261.090000,2.280600,86.670000,2.280400,727.190000,2.280200,383.710000,2.280100,13108.970000,2.282000,17888.650000,2.282100,82.660000,2.282300,28.950000,2.282400,319.310000,2.282500,12072.580000,2.282600,3.140000,2.282800,264.600000,2.282900,55.990000,2.283000,1115.960000,2.283100,1224.790000
1758739075.05074,171694170146,2.280900,2215.670000,2.280400,1261.090000,2.280100,11703.530000,2.280000,9152.180000,2.279900,7221.770000,2.279800,37.800000,2.279700,472.520000,2.279600,426.530000,2.279500,28.960000,2.279400,991.810000,2.281000,8773.850000,2.281100,135.630000,2.281200,44.000000,2.281300,28.950000,2.281500,55.990000,2.281600,163.680000,2.281700,5522.480000,2.281900,33.900000,2.282000,12443.230000,2.282100,78.640000
1758739075.3320134,171694171537,2.280900,2488.320000,2.280400,1261.090000,2.280200,13.120000,2.280100,11524.760000,2.280000,9152.180000,2.279900,7221.770000,2.279800,37.800000,2.279700,549.580000,2.279600,353.850000,2.279500,107.240000,2.281000,67.790000,2.281100,179.630000,2.281300,28.950000,2.281400,8773.850000,2.281500,65.990000,2.281600,219.780000,2.281700,5600.760000,2.281900,12062.580000,2.282000,12443.230000,2.282100,78.640000
1758739075.602187,171694172900,2.281400,44.000000,2.280900,1354.620000,2.280800,1513.810000,2.280400,1261.090000,2.280200,226.540000,2.280100,11580.750000,2.280000,9152.180000,2.279900,7221.770000,2.279800,37.800000,2.279700,549.580000,2.281600,4886.190000,2.281700,77.060000,2.281800,135.630000,2.281900,12140.860000,2.282000,12443.230000,2.282100,78.640000,2.282300,915.280000,2.282400,140.440000,2.282500,8783.850000,2.282600,271.360000
1758739075.8649504,171694174144,2.280900,220.840000,2.280800,1513.810000,2.280500,93.550000,2.280400,1261.090000,2.280200,226.540000,2.280100,11580.750000,2.280000,9152.180000,2.279900,7221.770000,2.279800,37.800000,2.279700,549.580000,2.281400,50.510000,2.281500,5021.820000,2.281700,77.060000,2.281800,135.630000,2.281900,20914.710000,2.282000,12443.230000,2.282100,78.640000,2.282300,915.280000,2.282400,140.440000,2.282500,10.000000
1758739076.121183,171694175698,2.280100,783.630000,2.280000,17089.600000,2.279900,7428.090000,2.279800,37.800000,2.279700,472.520000,2.279600,353.850000,2.279500,28.960000,2.279400,3698.190000,2.279300,1356.880000,2.279100,169.840000,2.280600,8841.650000,2.280800,8817.850000,2.281000,12062.580000,2.281100,829.000000,2.281200,183.800000,2.281300,28.950000,2.281400,6.510000,2.281500,55.990000,2.281600,1093.180000,2.281800,135.630000
1758739076.3721197,171694177026,2.280000,16857.310000,2.279900,7221.770000,2.279800,37.800000,2.279700,472.520000,2.279600,353.850000,2.279500,28.960000,2.279400,991.810000,2.279300,1356.880000,2.279100,169.840000,2.279000,59.610000,2.280200,44.000000,2.280400,232.200000,2.280500,15173.850000,2.280600,176.320000,2.280700,77.060000,2.280800,78.280000,2.281000,12062.580000,2.281100,829.000000,2.281200,183.800000,2.281300,28.950000
1758739076.643942,171694178541,2.280000,16857.310000,2.279900,7265.770000,2.279800,37.800000,2.279700,472.520000,2.279600,353.850000,2.279500,28.960000,2.279400,991.810000,2.279300,1356.880000,2.279100,169.840000,2.279000,59.610000,2.280500,78.280000,2.280600,108.520000,2.281000,12062.580000,2.281200,9041.410000,2.281300,28.950000,2.281400,10.000000,2.281500,55.990000,2.281600,1186.840000,2.281900,1261.090000,2.282000,11614.230000
1758739076.8955762,171694180137,2.280000,8652.160000,2.279900,7265.770000,2.279800,7975.220000,2.279700,472.520000,2.279600,353.850000,2.279500,28.960000,2.279400,110.850000,2.279300,100.170000,2.279100,169.840000,2.279000,59.610000,2.280100,6460.650000,2.280200,5.180000,2.280300,829.000000,2.280500,21091.030000,2.280600,244.150000,2.280800,1261.090000,2.280900,1057.050000,2.281200,183.800000,2.281300,72.780000,2.281400,1271.090000
1758739077.1445446,171694181468,2.280000,8408.360000,2.279900,7265.770000,2.279800,37.800000,2.279700,472.520000,2.279600,353.850000,2.279500,28.960000,2.279400,110.850000,2.279300,100.170000,2.279200,7937.420000,2.279100,169.840000,2.280100,6460.650000,2.280300,829.000000,2.280400,12062.580000,2.280500,254.600000,2.280600,8887.550000,2.280800,1261.090000,2.280900,1057.050000,2.281200,183.800000,2.281300,72.780000,2.281400,1271.090000
1758739077.4115243,171694183335,2.278300,2855.880000,2.278200,1261.090000,2.278100,200.850000,2.278000,1368.760000,2.277900,10.000000,2.277800,841.910000,2.277700,1264.410000,2.277600,109.860000,2.277500,441.870000,2.277400,103.100000,2.280000,16.890000,2.280100,6460.650000,2.280200,72.950000,2.280300,829.000000,2.280500,12317.180000,2.280600,113.700000,2.280800,1261.090000,2.280900,9834.040000,2.281000,16.890000,2.281200,183.800000
1758739077.6586983,171694185064,2.278800,264.930000,2.278700,1261.090000,2.278300,94.300000,2.278200,1261.090000,2.277800,546.600000,2.277700,1264.410000,2.277600,109.860000,2.277500,441.870000,2.277400,103.100000,2.277300,1518.130000,2.279000,16.890000,2.279100,72.950000,2.279500,8779.080000,2.279600,77.060000,2.279700,6400.000000,2.279800,78.280000,2.279900,500.120000,2.280000,156.450000,2.280100,130.250000,2.280200,1045.070000
1758739077.9078016,171694186360,2.278700,526.020000,2.278300,94.300000,2.278200,1261.090000,2.277800,3252.980000,2.277700,1264.410000,2.277600,109.860000,2.277500,441.870000,2.277400,103.100000,2.277300,1518.130000,2.277200,212.840000,2.279000,60.890000,2.279100,28.950000,2.279300,8773.850000,2.279500,5.230000,2.279600,144.860000,2.279800,78.280000,2.279900,20500.120000,2.280000,20.820000,2.280100,130.250000,2.280200,1045.070000
1758739078.1992555,171694187749,2.278500,638.510000,2.278300,94.300000,2.278200,1261.090000,2.277900,10.000000,2.277800,3252.980000,2.277700,1457.690000,2.277600,32.800000,2.277500,441.870000,2.277400,24.820000,2.277300,1518.130000,2.279000,124.310000,2.279100,28.950000,2.279200,829.000000,2.279500,5.230000,2.279700,8773.850000,2.279900,500.120000,2.280000,8978.750000,2.280100,130.250000,2.280200,1055.070000,2.280300,1261.090000
1758739078.4133472,171694189214,2.278400,270.430000,2.278300,82.560000,2.278200,1167.790000,2.277900,239.900000,2.277800,3252.980000,2.277700,1457.690000,2.277600,32.800000,2.277500,441.870000,2.277400,24.820000,2.277300,1518.130000,2.278800,44.000000,2.278900,117.440000,2.279000,12.510000,2.279100,101.960000,2.279200,16002.850000,2.279300,77.060000,2.279500,78.280000,2.279600,20000.000000,2.279700,135.630000,2.279900,387.030000
1758739078.6685233,171694190703,2.278200,1060.450000,2.278000,16.890000,2.277900,239.900000,2.277800,546.600000,2.277700,1534.750000,2.277600,32.800000,2.277500,441.870000,2.277400,24.820000,2.277300,1518.130000,2.277200,220.300000,2.278800,44.000000,2.278900,33.900000,2.279000,6092.050000,2.279100,34.160000,2.279200,907.280000,2.279300,33.900000,2.279400,28787.150000,2.279500,880.960000,2.279700,135.630000,2.279800,10048.240000
1758739078.9181812,171694191948,2.278400,44.000000,2.278200,59.330000,2.278100,307.950000,2.278000,16.890000,2.277900,10.000000,2.277800,640.890000,2.277700,1534.750000,2.277600,32.800000,2.277500,441.870000,2.277400,24.820000,2.278800,39.620000,2.278900,6165.080000,2.279100,28.950000,2.279200,907.280000,2.279500,20880.960000,2.279600,8787.150000,2.279800,1261.090000,2.279900,641.790000,2.280000,204.900000,2.280100,130.250000
1758739079.2131703,171694193713,2.278100,84.300000,2.278000,16.890000,2.277800,546.600000,2.277700,196.600000,2.277600,32.800000,2.277500,536.160000,2.277400,1285.910000,2.277300,637.170000,2.277200,220.300000,2.277100,112.050000,2.278200,6467.800000,2.278300,829.000000,2.278500,8865.430000,2.278600,44.000000,2.278700,20115.700000,2.278800,135.630000,2.279000,15.220000,2.279100,28.950000,2.279200,254.760000,2.279300,1261.090000
1758739079.4668562,171694195124,2.278100,84.300000,2.278000,16.890000,2.277800,546.600000,2.277700,196.600000,2.277600,32.800000,2.277500,536.160000,2.277400,1285.910000,2.277300,637.170000,2.277200,220.300000,2.277100,112.050000,2.278200,6467.800000,2.278300,829.000000,2.278400,5.220000,2.278500,8865.430000,2.278600,44.000000,2.278700,115.700000,2.278800,880.960000,2.279000,10.000000,2.279100,28.950000,2.279200,254.760000
1758739079.7354279,171694196718,2.278100,84.300000,2.278000,16.890000,2.277800,546.600000,2.277700,196.600000,2.277600,32.800000,2.277500,441.870000,2.277400,24.820000,2.277300,637.170000,2.277200,314.590000,2.277100,112.050000,2.278200,7363.070000,2.278400,1396.720000,2.278500,171.000000,2.278600,44.000000,2.278700,120.920000,2.278800,880.960000,2.278900,176.690000,2.279000,10.000000,2.279100,28.950000,2.279300,1304.960000
1758739080.0074284,171694198181,2.277800,485.210000,2.277700,196.600000,2.277600,32.800000,2.277500,441.870000,2.277400,24.820000,2.277300,637.170000,2.277200,314.590000,2.277100,112.050000,2.277000,731.220000,2.276900,1630.670000,2.278100,5400.000000,2.278200,873.000000,2.278500,5.230000,2.278700,115.700000,2.278800,2142.050000,2.279000,26.890000,2.279100,28.950000,2.279300,10048.240000,2.279500,880.960000,2.279800,1261.090000
1758739080.2632425,171694199705,2.277800,485.210000,2.277700,196.600000,2.277600,32.800000,2.277500,536.180000,2.277400,52.260000,2.277300,637.170000,2.277200,1220.300000,2.277100,112.050000,2.277000,731.220000,2.276900,1630.670000,2.278000,5400.000000,2.278200,44.000000,2.278300,829.000000,2.278700,251.330000,2.278800,880.960000,2.278900,20000.000000,2.279000,281.990000,2.279100,28.950000,2.279300,10048.240000,2.279500,1057.650000
1758739080.507501,171694201084,2.277800,485.210000,2.277700,196.600000,2.277600,32.800000,2.277500,441.870000,2.277400,24.820000,2.277300,637.170000,2.277200,1220.300000,2.277100,233.790000,2.277000,731.220000,2.276900,1630.670000,2.278000,5400.000000,2.278200,44.000000,2.278300,829.000000,2.278600,5.230000,2.278700,251.330000,2.278800,2397.150000,2.279000,26.890000,2.279100,28.950000,2.279200,8963.840000,2.279300,1261.090000
1758739080.7618384,171694202361,2.277800,463.930000,2.277700,196.600000,2.277600,32.800000,2.277500,1441.870000,2.277400,119.120000,2.277300,637.170000,2.277200,212.840000,2.277100,112.050000,2.277000,758.660000,2.276900,1786.010000,2.278200,49.240000,2.278300,6229.000000,2.278700,115.700000,2.278800,880.960000,2.279000,26.890000,2.279100,28.950000,2.279200,255.290000,2.279300,1261.090000,2.279500,5270.580000,2.279600,176.690000
1758739081.2192261,171694204047,2.277800,463.930000,2.277700,196.600000,2.277600,32.800000,2.277500,441.870000,2.277400,119.120000,2.277300,637.170000,2.277200,212.840000,2.277100,112.050000,2.277000,758.660000,2.276900,1630.670000,2.277900,14187.150000,2.278200,44.000000,2.278300,834.240000,2.278700,20370.990000,2.278800,880.960000,2.278900,8787.150000,2.279000,26.890000,2.279100,8816.100000,2.279200,176.690000,2.279300,1261.090000
1758739081.3609066,171694206010,2.277800,463.930000,2.277700,196.600000,2.277600,32.800000,2.277500,441.870000,2.277400,24.820000,2.277300,637.170000,2.277200,1212.840000,2.277100,206.360000,2.277000,758.660000,2.276900,1630.670000,2.278200,44.000000,2.278300,829.000000,2.278700,282.390000,2.278800,969.560000,2.278900,20000.000000,2.279000,26.890000,2.279100,205.640000,2.279200,5.240000,2.279300,1261.090000,2.279500,14057.730000
1758739081.6016362,171694207987,2.277900,216.820000,2.277800,1116.770000,2.277700,196.600000,2.277600,32.800000,2.277500,597.210000,2.277400,1285.910000,2.277300,637.170000,2.277200,212.840000,2.277100,112.050000,2.277000,758.660000,2.278500,5.240000,2.278700,115.700000,2.279000,26.890000,2.279100,770.350000,2.279500,880.960000,2.279700,172.700000,2.279800,1261.090000,2.279900,20387.030000,2.280000,8992.050000,2.280100,393.450000
1758739081.8608072,171694210343,2.278400,3741.070000,2.278300,44.000000,2.278200,80.090000,2.278100,28.950000,2.278000,16.890000,2.277900,219.150000,2.277800,1116.770000,2.277700,351.940000,2.277600,32.800000,2.277500,441.870000,2.279200,2658.930000,2.279500,1016.590000,2.279900,387.030000,2.280000,460.190000,2.280100,216.760000,2.280200,1055.070000,2.280300,21261.090000,2.280400,360.980000,2.280600,16.130000,2.280800,1261.090000
1758739082.11393,171694211992,2.278600,0.150000,2.278500,3962.390000,2.278200,80.090000,2.278100,28.950000,2.278000,26.890000,2.277900,216.820000,2.277800,1177.800000,2.277700,196.600000,2.277600,32.800000,2.277500,441.870000,2.279100,44.000000,2.279300,2658.930000,2.279400,102.790000,2.279500,8787.150000,2.279900,289.350000,2.280000,204.900000,2.280100,290.860000,2.280200,10023.410000,2.280300,1261.090000,2.280400,184.290000
1758739082.3643887,171694213656,2.278600,264.070000,2.278500,3865.720000,2.278400,1261.090000,2.278200,80.090000,2.278100,106.010000,2.278000,105.170000,2.277900,216.820000,2.277800,1022.460000,2.277700,196.600000,2.277600,129.440000,2.279100,44.000000,2.279300,2658.930000,2.279400,102.790000,2.279600,8787.150000,2.279900,289.350000,2.280000,204.900000,2.280100,206.760000,2.280200,1065.070000,2.280300,255.290000,2.280400,140.440000
1758739082.6371074,171694215494,2.279000,27.440000,2.278600,0.150000,2.278500,97.210000,2.278200,190.360000,2.278100,28.950000,2.278000,26.890000,2.277900,216.820000,2.277800,1022.460000,2.277700,274.880000,2.277600,32.800000,2.279400,102.790000,2.279500,135.630000,2.279900,289.350000,2.280000,20289.000000,2.280100,10255.000000,2.280200,1065.070000,2.280400,140.440000,2.280500,8787.150000,2.280600,16.130000,2.280700,10.000000
1758739082.8876598,171694217298,2.278900,44.000000,2.278500,97.210000,2.278200,80.090000,2.278100,28.950000,2.278000,26.890000,2.277900,216.820000,2.277800,4873.800000,2.277700,196.600000,2.277600,32.800000,2.277500,441.870000,2.279000,2614.930000,2.279100,13.020000,2.279400,102.790000,2.279500,4.380000,2.279600,255.290000,2.279900,289.350000,2.280000,9168.740000,2.280100,1467.850000,2.280200,9852.220000,2.280400,140.440000
1758739083.1402621,171694218962,2.278900,44.000000,2.278500,97.210000,2.278200,1264.640000,2.278100,28.950000,2.278000,26.890000,2.277900,216.820000,2.277800,1022.460000,2.277700,196.600000,2.277600,129.420000,2.277500,441.870000,2.279000,1359.340000,2.279100,8787.150000,2.279300,9668.110000,2.279400,102.790000,2.279500,8791.530000,2.279600,148.650000,2.279700,8791.530000,2.279900,289.350000,2.280000,204.900000,2.280100,1467.850000
1758739083.3999834,171694220758,2.278100,28.950000,2.278000,26.890000,2.277800,494.500000,2.277700,196.600000,2.277600,32.800000,2.277500,441.870000,2.277400,6347.490000,2.277300,637.170000,2.277200,212.840000,2.277100,112.050000,2.278200,1359.340000,2.278600,8831.150000,2.278800,28787.150000,2.279100,255.290000,2.279200,4.380000,2.279300,9668.110000,2.279400,102.790000,2.279500,181.070000,2.279600,1274.110000,2.279700,4.380000
1758739083.6581297,171694222643,2.278100,28.950000,2.278000,26.890000,2.277900,1315.950000,2.277800,5404.590000,2.277700,196.600000,2.277600,32.800000,2.277500,538.530000,2.277400,1285.910000,2.277300,637.170000,2.277200,212.840000,2.278600,1403.340000,2.278700,8790.440000,2.278800,13.020000,2.279000,8790.440000,2.279200,8794.820000,2.279300,880.960000,2.279400,9152.900000,2.279500,4.380000,2.279600,1261.090000,2.279700,4.380000
1758739083.9248106,171694224543,2.278100,28.950000,2.278000,26.890000,2.277800,363.930000,2.277700,348.120000,2.277600,3888.910000,2.277500,441.870000,2.277400,1285.910000,2.277300,637.170000,2.277200,212.840000,2.277100,112.050000,2.278200,8790.440000,2.278300,66.270000,2.278400,1359.340000,2.278600,20057.020000,2.279200,4.380000,2.279300,880.960000,2.279400,107.170000,2.279500,4.380000,2.279600,1265.470000,2.279700,4.380000
1758739084.2615466,171694226219,2.278100,28.950000,2.278000,16.890000,2.277800,363.930000,2.277700,196.600000,2.277600,32.800000,2.277500,538.530000,2.277400,1285.910000,2.277300,691.990000,2.277200,5253.500000,2.277100,112.050000,2.278200,10162.760000,2.278300,66.270000,2.278600,44.000000,2.279000,10.000000,2.279200,8.760000,2.279300,880.960000,2.279400,107.170000,2.279500,4.380000,2.279600,1265.470000,2.279700,20004.380000
1758739084.4222314,171694227867,2.278100,28.950000,2.278000,16.890000,2.277800,363.930000,2.277700,196.600000,2.277600,32.800000,2.277500,538.530000,2.277400,24.820000,2.277300,637.170000,2.277200,212.840000,2.277100,112.050000,2.278200,10162.760000,2.278300,66.270000,2.278600,1180.250000,2.279000,186.690000,2.279200,8.760000,2.279300,880.960000,2.279400,111.550000,2.279500,4.380000,2.279600,1401.100000,2.279700,20004.380000
1758739084.6797538,171694229871,2.278000,16.890000,2.277800,3884.980000,2.277700,196.600000,2.277600,32.800000,2.277500,441.870000,2.277400,24.820000,2.277300,637.170000,2.277200,212.840000,2.277100,5249.370000,2.277000,731.220000,2.278200,8790.440000,2.278300,66.270000,2.278600,924.960000,2.278800,176.690000,2.279000,4399.470000,2.279100,1261.090000,2.279200,20052.630000,2.279300,880.960000,2.279400,111.550000,2.279500,496.570000
1758739084.9267035,171694231393,2.277800,3867.980000,2.277700,196.600000,2.277600,32.800000,2.277500,441.870000,2.277400,24.820000,2.277300,637.170000,2.277200,280.640000,2.277100,3285.360000,2.277000,7131.220000,2.276900,369.580000,2.277900,8198.630000,2.278000,44.000000,2.278300,66.270000,2.278400,255.290000,2.278600,880.960000,2.278800,176.690000,2.279000,26.890000,2.279100,1290.040000,2.279200,20052.630000,2.279300,880.960000
1758739085.1849751,171694232591,2.277800,3867.980000,2.277700,196.600000,2.277600,32.800000,2.277500,441.870000,2.277400,3101.470000,2.277300,637.170000,2.277200,212.840000,2.277100,6676.510000,2.277000,731.220000,2.276900,369.580000,2.277900,8198.630000,2.278000,44.000000,2.278300,66.270000,2.278400,255.290000,2.278600,880.960000,2.278800,176.690000,2.279000,882.460000,2.279100,1290.040000,2.279200,52.630000,2.279300,880.960000
1758739085.460161,171694234583,2.277800,3673.270000,2.277700,196.600000,2.277600,32.800000,2.277500,441.870000,2.277400,24.820000,2.277300,903.370000,2.277200,212.840000,2.277100,112.050000,2.277000,3807.870000,2.276900,369.580000,2.277900,59441.390000,2.278000,44.000000,2.278300,66.270000,2.278400,5651.290000,2.278600,880.960000,2.278800,492.260000,2.278900,10.000000,2.279000,4249.900000,2.279100,2060.920000,2.279200,881.630000
1758739085.880998,171694236339,2.276800,362.530000,2.276700,3258.550000,2.276600,664.560000,2.276500,911.940000,2.276400,228.320000,2.276300,192.140000,2.276200,6436.420000,2.276100,102.170000,2.276000,712.180000,2.275900,1022.150000,2.276900,7699.860000,2.277200,299.290000,2.277300,135.630000,2.277600,1193.280000,2.277700,1271.090000,2.278000,16.890000,2.278100,72.840000,2.278300,66.270000,2.278400,1261.090000,2.278600,880.960000
1758739085.9899387,171694238055,2.276800,362.530000,2.276700,3258.550000,2.276600,664.560000,2.276500,911.940000,2.276400,228.320000,2.276300,158.240000,2.276200,36.420000,2.276100,102.170000,2.276000,7112.180000,2.275900,1022.150000,2.276900,8131.820000,2.277000,255.290000,2.277200,44.000000,2.277400,176.690000,2.277600,971.080000,2.277700,1271.090000,2.278000,16.890000,2.278100,72.840000,2.278200,4391.360000,2.278300,20066.270000
1758739086.304992,171694240213,2.276700,5774.420000,2.276600,664.560000,2.276500,1105.520000,2.276400,228.320000,2.276300,158.240000,2.276200,36.420000,2.276100,149.180000,2.276000,712.180000,2.275900,141.190000,2.275800,227.030000,2.276800,49406.660000,2.276900,90.140000,2.277000,176.690000,2.277100,135.630000,2.277200,1305.090000,2.277600,880.960000,2.277700,1271.090000,2.277800,6651.650000,2.278000,16.890000,2.278100,72.840000
1758739086.5767717,171694241948,2.276500,362.520000,2.276400,228.320000,2.276300,158.240000,2.276200,36.420000,2.276100,102.170000,2.276000,712.180000,2.275900,141.190000,2.275800,240.150000,2.275700,92.330000,2.275600,319.790000,2.277000,176.690000,2.277100,135.630000,2.277200,1305.090000,2.277400,4392.520000,2.277600,880.960000,2.277700,1271.090000,2.278000,16.890000,2.278100,106.740000,2.278200,2404.490000,2.278300,3269.230000
1758739086.8369558,171694243497,2.276500,195.330000,2.276400,228.320000,2.276300,158.240000,2.276200,36.420000,2.276100,102.170000,2.276000,712.180000,2.275900,141.190000,2.275800,227.030000,2.275700,92.330000,2.275600,332.910000,2.276600,20067.800000,2.276700,44.000000,2.276900,880.960000,2.277000,176.690000,2.277100,90.140000,2.277200,1261.090000,2.277400,4392.520000,2.277600,880.960000,2.277700,1271.090000,2.278000,16.890000
1758739087.2256498,171694245277,2.276300,158.240000,2.276200,36.420000,2.276100,102.170000,2.276000,712.180000,2.275900,141.190000,2.275800,227.030000,2.275700,92.330000,2.275600,332.910000,2.275500,515.240000,2.275400,6.530000,2.276400,27672.220000,2.276600,67.800000,2.276700,44.000000,2.276900,880.960000,2.277200,1396.720000,2.277400,4436.420000,2.277600,880.960000,2.277700,1271.090000,2.278000,16.890000,2.278100,8819.390000
1758739087.4070473,171694247429,2.276100,102.170000,2.276000,712.180000,2.275900,141.190000,2.275800,227.030000,2.275700,92.330000,2.275600,319.790000,2.275500,505.240000,2.275400,6.530000,2.275300,46.630000,2.275200,75.260000,2.276400,59212.670000,2.276600,10.000000,2.276700,134.150000,2.276800,4392.710000,2.276900,880.960000,2.277200,1261.090000,2.277400,8834.340000,2.277600,880.960000,2.277700,2100.090000,2.277800,492.580000
1758739087.6016276,171694249992,2.275300,184.650000,2.275100,3110.390000,2.275000,6723.600000,2.274900,1451.010000,2.274800,72.040000,2.274700,1221.240000,2.274600,194.560000,2.274500,970.250000,2.274400,233.710000,2.274300,240.100000,2.275700,8858.290000,2.275800,8834.440000,2.275900,8790.440000,2.276200,176.690000,2.276400,1828.680000,2.276600,10.000000,2.276800,24436.630000,2.276900,880.960000,2.277000,45.840000,2.277200,1321.080000
1758739087.8529305,171694251757,2.275100,9497.400000,2.275000,323.600000,2.274900,1451.010000,2.274800,72.040000,2.274700,1221.240000,2.274600,194.560000,2.274500,970.250000,2.274400,233.710000,2.274300,240.100000,2.274200,87.740000,2.275400,8858.290000,2.275500,44.000000,2.275700,8790.440000,2.275900,8790.440000,2.276100,880.960000,2.276300,273.460000,2.276400,1693.050000,2.276600,8800.440000,2.276700,20135.630000,2.276800,4436.630000
1758739088.106105,171694253411,2.274900,1441.280000,2.274800,72.040000,2.274700,1221.240000,2.274600,194.560000,2.274500,970.250000,2.274400,233.710000,2.274300,240.100000,2.274200,170.330000,2.274100,120.380000,2.274000,1934.550000,2.275100,67.850000,2.275400,135.630000,2.275500,44.000000,2.276000,16.890000,2.276100,977.740000,2.276200,8790.440000,2.276400,1693.050000,2.276600,10.000000,2.276700,20176.690000,2.276800,4436.630000
1758739088.365015,171694254974,2.275000,6318.440000,2.274900,1441.280000,2.274800,72.040000,2.274700,1221.240000,2.274600,194.560000,2.274500,970.250000,2.274400,233.710000,2.274300,240.100000,2.274200,87.740000,2.274100,291.570000,2.275500,44.000000,2.275800,149.410000,2.275900,96.780000,2.276000,16.890000,2.276100,9671.400000,2.276300,8790.440000,2.276400,1437.780000,2.276600,10.000000,2.276700,135.840000,2.276800,24436.630000
1758739088.6081765,171694256616,2.274900,1441.280000,2.274800,72.040000,2.274700,1221.240000,2.274600,194.560000,2.274500,970.250000,2.274400,233.710000,2.274300,240.100000,2.274200,87.740000,2.274100,305.310000,2.274000,1856.270000,2.275500,44.000000,2.276000,8955.140000,2.276100,977.740000,2.276300,33.900000,2.276400,1656.660000,2.276600,10.000000,2.276700,20000.000000,2.276800,4436.630000,2.276900,880.960000,2.277000,45.840000
1758739088.855798,171694257968,2.275000,37.480000,2.274900,1441.280000,2.274800,6113.150000,2.274700,1221.240000,2.274600,194.560000,2.274500,970.250000,2.274400,233.710000,2.274300,240.100000,2.274200,87.740000,2.274100,305.310000,2.275400,44.000000,2.275600,358.890000,2.276000,152.730000,2.276100,1045.590000,2.276400,1622.710000,2.276600,10.000000,2.276700,20000.000000,2.276800,4436.630000,2.276900,880.960000,2.277000,45.840000
1758739089.1080086,171694259609,2.274800,69.840000,2.274700,7262.350000,2.274600,194.560000,2.274500,970.250000,2.274400,233.710000,2.274300,240.100000,2.274200,87.740000,2.274100,305.310000,2.274000,1856.270000,2.273900,3.140000,2.275400,39.610000,2.275500,358.890000,2.275900,28.950000,2.276000,152.730000,2.276100,880.960000,2.276200,176.690000,2.276300,8933.300000,2.276400,1446.020000,2.276500,33.950000,2.276600,10.000000
1758739089.3711355,171694261294,2.275000,6041.110000,2.274800,69.840000,2.274700,1221.240000,2.274600,194.560000,2.274500,970.250000,2.274400,233.710000,2.274300,240.100000,2.274200,87.740000,2.274100,305.310000,2.274000,1856.270000,2.275400,39.610000,2.275800,358.890000,2.275900,1290.040000,2.276000,113.650000,2.276100,914.860000,2.276200,33.950000,2.276400,1622.710000,2.276600,10.000000,2.276700,8802.620000,2.276800,4436.630000
1758739089.6293452,171694262757,2.274800,69.840000,2.274700,7262.350000,2.274600,194.560000,2.274500,970.250000,2.274400,233.710000,2.274300,240.100000,2.274200,83.360000,2.274100,305.310000,2.274000,1856.270000,2.273900,3.140000,2.275500,478.570000,2.275900,1290.040000,2.276000,147.600000,2.276100,914.860000,2.276200,312.530000,2.276400,10248.640000,2.276600,10.000000,2.276700,20000.000000,2.276800,4436.630000,2.276900,880.960000
1758739089.8921127,171694264135,2.275100,6041.110000,2.274800,85.990000,2.274700,1221.240000,2.274600,194.560000,2.274500,970.250000,2.274400,233.710000,2.274300,240.100000,2.274200,254.550000,2.274100,305.310000,2.274000,2011.610000,2.275400,44.000000,2.275900,387.840000,2.276000,16.890000,2.276400,1446.020000,2.276600,351.320000,2.276700,8802.620000,2.276800,24436.630000,2.276900,880.960000,2.277000,45.840000,2.277100,97.420000
1758739090.2542398,171694265831,2.275100,44.000000,2.274800,69.840000,2.274700,1221.240000,2.274600,194.560000,2.274500,89.290000,2.274400,233.710000,2.274300,240.100000,2.274200,83.360000,2.274100,305.310000,2.274000,1856.270000,2.275700,17381.000000,2.275800,112.950000,2.275900,28.950000,2.276000,16.890000,2.276200,880.960000,2.276300,119.680000,2.276400,1446.020000,2.276600,106.780000,2.276700,20203.700000,2.276800,4436.630000
1758739090.427067,171694266747,2.274900,82.700000,2.274800,69.840000,2.274700,7262.350000,2.274600,194.560000,2.274500,89.290000,2.274400,233.710000,2.274300,240.100000,2.274200,83.360000,2.274100,305.310000,2.274000,1856.270000,2.275000,8802.620000,2.275400,44.000000,2.275500,510.150000,2.275900,28.950000,2.276000,16.890000,2.276200,1057.650000,2.276300,119.680000,2.276400,1446.020000,2.276600,10.000000,2.276700,20169.740000
1758739090.679426,171694268731,2.274700,232.090000,2.274600,6235.670000,2.274500,89.290000,2.274400,233.710000,2.274300,240.100000,2.274200,83.360000,2.274100,305.310000,2.274000,1856.270000,2.273900,3.140000,2.273800,1336.460000,2.275200,44.000000,2.275400,358.890000,2.275500,151.200000,2.275900,28.950000,2.276000,17622.130000,2.276200,9894.230000,2.276300,96.780000,2.276400,1446.020000,2.276600,10.000000,2.276700,20000.000000
1758739090.9512982,171694270307,2.274700,132.090000,2.274600,194.560000,2.274500,89.290000,2.274400,233.710000,2.274300,230.100000,2.274200,83.360000,2.274100,305.310000,2.274000,595.180000,2.273900,3.140000,2.273800,300.460000,2.274800,358.890000,2.274900,130.750000,2.275000,1261.090000,2.275200,28846.620000,2.275400,1067.650000,2.275500,117.300000,2.275800,1261.090000,2.275900,28.950000,2.276000,16.890000,2.276100,33.900000
1758739091.1924615,171694272026,2.274300,74.060000,2.274200,83.360000,2.274100,305.310000,2.274000,595.180000,2.273900,3.140000,2.273800,300.460000,2.273700,30.090000,2.273600,144.870000,2.273500,5080.290000,2.273400,40.390000,2.274400,965.850000,2.274500,1261.090000,2.274600,44.000000,2.274700,20846.960000,2.275000,1261.090000,2.275300,96.790000,2.275400,890.960000,2.275500,117.300000,2.275800,1446.870000,2.275900,28.950000
1758739091.4591887,171694273729,2.273900,3.140000,2.273800,284.310000,2.273700,30.090000,2.273600,144.870000,2.273500,5080.290000,2.273400,40.390000,2.273300,629.830000,2.273200,71.740000,2.273000,99.350000,2.272900,137.640000,2.274000,358.890000,2.274300,305.460000,2.274400,96.800000,2.274500,1261.090000,2.274600,924.960000,2.274700,998.820000,2.275000,2106.980000,2.275200,570.890000,2.275300,4154.890000,2.275400,880.960000
1758739091.7074888,171694275840,2.273500,1584.470000,2.273400,40.390000,2.273300,629.830000,2.273200,71.740000,2.273000,99.350000,2.272900,6178.750000,2.272800,34.570000,2.272700,1952.110000,2.272600,351.200000,2.272500,664.970000,2.273700,426.750000,2.273800,924.960000,2.273900,20000.000000,2.274000,28625.620000,2.274300,186.690000,2.274500,1261.090000,2.274600,880.960000,2.274700,879.140000,2.274800,8802.620000,2.274900,28.950000
1758739091.9947886,171694277382,2.273500,1584.470000,2.273400,40.390000,2.273300,629.830000,2.273200,71.740000,2.273000,99.350000,2.272900,137.640000,2.272800,34.570000,2.272700,7993.220000,2.272600,351.200000,2.272500,664.970000,2.273600,9342.530000,2.273800,1021.780000,2.274200,176.690000,2.274300,10.000000,2.274500,1261.090000,2.274600,5279.100000,2.274700,879.140000,2.274900,28.950000,2.275000,2106.980000,2.275200,43.950000
1758739092.270848,171694279058,2.273000,32.210000,2.272900,137.640000,2.272800,34.570000,2.272700,1952.110000,2.272600,351.200000,2.272500,664.970000,2.272400,1251.870000,2.272300,6857.460000,2.272200,136.530000,2.272100,258.660000,2.273400,41253.000000,2.273500,1951.100000,2.273600,8979.310000,2.273700,169.800000,2.273800,924.960000,2.274300,10.000000,2.274500,10107.670000,2.274600,5279.100000,2.274700,879.140000,2.274900,28.950000
1758739092.5271525,171694280496,2.273000,32.210000,2.272900,137.640000,2.272800,34.570000,2.272700,1952.110000,2.272600,351.200000,2.272500,664.970000,2.272400,1251.870000,2.272300,6857.460000,2.272200,136.530000,2.272100,258.660000,2.273200,61.340000,2.273400,8802.620000,2.273600,176.690000,2.273800,880.960000,2.274000,8819.510000,2.274300,10.000000,2.274500,21246.690000,2.274600,5279.100000,2.274700,879.140000,2.274900,28.950000
1758739092.7781844,171694282273,2.272900,322.850000,2.272800,34.570000,2.272700,1952.110000,2.272600,351.200000,2.272500,664.970000,2.272400,1251.870000,2.272300,457.460000,2.272200,136.530000,2.272100,258.660000,2.272000,3545.850000,2.273000,119.680000,2.273200,44.000000,2.273300,61.340000,2.273800,9683.580000,2.274000,8819.510000,2.274300,106.830000,2.274400,55.990000,2.274500,21423.380000,2.274600,880.960000,2.274700,659.420000
1758739093.0300703,171694284039,2.272500,6789.530000,2.272100,586.480000,2.272000,3741.650000,2.271900,1342.190000,2.271800,228.160000,2.271700,989.860000,2.271600,683.340000,2.271500,132.100000,2.271400,1546.040000,2.271300,2082.120000,2.272600,44.000000,2.273000,16.890000,2.273700,8864.010000,2.273800,909.910000,2.273900,235.840000,2.274000,8823.440000,2.274100,74.260000,2.274200,2.510000,2.274300,150.440000,2.274400,185.780000
1758739093.2813556,171694285494,2.272500,6789.530000,2.272400,44.000000,2.272100,205.200000,2.272000,3587.350000,2.271900,1419.250000,2.271800,72.820000,2.271700,1073.960000,2.271600,599.240000,2.271500,132.100000,2.271400,1546.040000,2.272900,7352.620000,2.273800,909.910000,2.273900,3.140000,2.274000,20.820000,2.274100,74.260000,2.274200,2.510000,2.274300,150.440000,2.274400,185.780000,2.274500,1261.090000,2.274600,894.580000
1758739093.5347893,171694287117,2.273000,90.350000,2.272900,78.010000,2.272800,3114.930000,2.272400,880.960000,2.272000,3155.390000,2.271900,1342.190000,2.271800,155.410000,2.271700,989.860000,2.271600,677.520000,2.271500,132.100000,2.273500,7352.620000,2.273600,13.050000,2.273800,28.950000,2.273900,3.140000,2.274000,20.820000,2.274100,74.260000,2.274200,2.510000,2.274300,27444.700000,2.274400,185.780000,2.274500,1437.780000
1758739093.7836125,171694288497,2.273700,389.530000,2.273500,6444.000000,2.273000,659.920000,2.272900,1351.430000,2.272800,171.190000,2.272600,155.340000,2.272500,34.010000,2.272400,2226.150000,2.272000,3155.390000,2.271900,2248.350000,2.273800,28.950000,2.273900,3.140000,2.274000,206.300000,2.274100,74.260000,2.274200,2.510000,2.274300,299.330000,2.274400,185.780000,2.274600,894.580000,2.274800,10.000000,2.274900,126.370000
1758739094.033702,171694290323,2.274100,44.000000,2.273800,135.840000,2.273600,158.360000,2.273100,6400.000000,2.273000,3761.120000,2.272900,1261.090000,2.272700,28.950000,2.272400,2313.240000,2.272300,140.440000,2.272200,158.480000,2.274400,185.780000,2.274600,8251.590000,2.274800,10.000000,2.274900,316.520000,2.275000,16.890000,2.275100,678.450000,2.275300,1261.090000,2.275400,890.960000,2.275500,121.430000,2.275600,269.220000
1758739094.2896373,171694291655,2.273300,472.610000,2.273100,6400.000000,2.273000,676.810000,2.272900,1261.090000,2.272700,28.950000,2.272400,2313.240000,2.272300,140.440000,2.272200,158.480000,2.272100,76.770000,2.272000,3243.420000,2.274200,8812.320000,2.274300,533.980000,2.274400,185.780000,2.274500,297.680000,2.274600,898.970000,2.274800,10.000000,2.274900,303.470000,2.275000,16.890000,2.275100,678.450000,2.275300,1261.090000
1758739094.5634098,171694293132,2.273300,466.020000,2.273200,6.570000,2.273100,6400.000000,2.273000,16.890000,2.272900,1261.090000,2.272700,28.950000,2.272400,2313.240000,2.272300,140.440000,2.272200,158.480000,2.272100,76.770000,2.273800,44.000000,2.273900,8880.340000,2.274100,8906.120000,2.274300,533.980000,2.274400,185.780000,2.274500,135.840000,2.274600,898.970000,2.274800,10.000000,2.274900,303.470000,2.275000,16.890000
1758739094.8132792,171694294722,2.273700,6783.010000,2.273600,659.740000,2.273300,476.020000,2.273200,177.760000,2.273000,172.230000,2.272900,1261.090000,2.272800,269.320000,2.272700,28.950000,2.272400,2142.050000,2.272300,217.600000,2.273800,41.000000,2.274000,68.020000,2.274100,93.800000,2.274300,533.980000,2.274400,185.780000,2.274500,135.840000,2.274600,898.970000,2.274800,10.000000,2.274900,126.370000,2.275000,16.890000
1758739095.1339753,171694296315,2.273600,44.000000,2.273300,476.020000,2.273100,7280.960000,2.273000,16.890000,2.272900,1261.090000,2.272800,370.440000,2.272700,28.950000,2.272600,171.190000,2.272400,2297.390000,2.272300,140.440000,2.274000,4.390000,2.274300,533.980000,2.274400,8998.100000,2.274600,966.990000,2.274700,8812.320000,2.274800,10.000000,2.274900,126.370000,2.275000,110.710000,2.275100,1225.990000,2.275300,1261.090000
1758739095.3161426,171694297920,2.273300,383.670000,2.273200,142.420000,2.273100,6400.000000,2.273000,16.890000,2.272900,1261.090000,2.272800,370.440000,2.272700,28.950000,2.272600,171.190000,2.272400,2297.390000,2.272300,140.440000,2.273900,8812.320000,2.274000,8812.320000,2.274100,112.020000,2.274200,8812.320000,2.274300,426.330000,2.274400,321.620000,2.274600,898.970000,2.274800,10.000000,2.274900,126.370000,2.275000,110.710000
1758739095.5726063,171694299680,2.273600,373.010000,2.273300,383.670000,2.273200,6.580000,2.273100,6400.000000,2.273000,16.890000,2.272900,1261.090000,2.272800,370.440000,2.272700,28.950000,2.272600,82.590000,2.272400,2297.390000,2.273700,44.000000,2.273800,93.830000,2.274200,72.410000,2.274300,426.330000,2.274400,185.780000,2.274600,898.970000,2.274700,8812.320000,2.274800,10.000000,2.274900,126.370000,2.275000,16.890000
1758739095.8245308,171694301129,2.273600,373.010000,2.273500,6.600000,2.273400,135.840000,2.273300,6783.670000,2.273000,16.890000,2.272900,1432.280000,2.272800,370.440000,2.272700,184.290000,2.272500,84.100000,2.272400,2142.050000,2.273700,44.000000,2.274000,93.830000,2.274200,4.390000,2.274300,426.330000,2.274400,185.780000,2.274600,898.970000,2.274700,68.020000,2.274800,8958.160000,2.274900,126.370000,2.275000,16.890000
1758739096.10246,171694302494,2.273500,44.000000,2.273400,6.590000,2.273300,383.670000,2.273100,6400.000000,2.273000,16.890000,2.272900,1261.090000,2.272800,370.440000,2.272700,28.950000,2.272600,171.190000,2.272400,2297.390000,2.274000,68.000000,2.274200,19946.030000,2.274300,426.330000,2.274400,8998.100000,2.274500,93.820000,2.274600,898.970000,2.274800,10.000000,2.274900,126.370000,2.275000,193.990000,2.275100,1048.890000
1758739096.3376744,171694303859,2.273500,44.000000,2.273300,383.670000,2.273200,6.590000,2.273100,6400.000000,2.273000,16.890000,2.272900,1261.090000,2.272800,370.440000,2.272700,28.950000,2.272600,171.190000,2.272400,2297.390000,2.274200,4.390000,2.274300,588.150000,2.274400,185.780000,2.274600,898.970000,2.274700,8812.320000,2.274800,10.000000,2.274900,126.370000,2.275000,193.990000,2.275100,1048.890000,2.275200,4.390000
1758739096.6010222,171694305439,2.273100,6384.660000,2.273000,676.810000,2.272900,1261.090000,2.272800,370.440000,2.272700,28.950000,2.272600,171.190000,2.272400,2297.390000,2.272300,162.430000,2.272200,87.240000,2.272100,96.770000,2.273900,15.340000,2.274200,8.780000,2.274300,494.330000,2.274400,185.780000,2.274500,135.840000,2.274600,992.790000,2.274800,10.000000,2.274900,8938.690000,2.275000,193.990000,2.275100,1048.890000
1758739096.85503,171694307146,2.273200,6204.630000,2.273000,676.810000,2.272900,1261.090000,2.272800,171.190000,2.272700,28.950000,2.272600,155.340000,2.272400,2226.150000,2.272300,162.430000,2.272200,3.140000,2.272100,96.770000,2.273600,37.480000,2.274000,195.370000,2.274200,8.780000,2.274300,426.330000,2.274400,17814.810000,2.274600,9711.290000,2.274800,106.860000,2.274900,194.370000,2.275000,16.890000,2.275100,678.450000
1758739097.1400847,171694308531,2.273500,7465.720000,2.273000,676.810000,2.272900,1261.090000,2.272800,326.530000,2.272700,28.950000,2.272400,2226.150000,2.272300,162.430000,2.272200,4402.030000,2.272100,173.930000,2.272000,3149.320000,2.273600,37.480000,2.273900,96.860000,2.274200,8.780000,2.274300,426.330000,2.274400,389.930000,2.274500,19941.640000,2.274600,898.970000,2.274800,10.000000,2.274900,194.370000,2.275000,16.890000
1758739097.3962636,171694310655,2.273500,7509.720000,2.273400,788.550000,2.273300,678.710000,2.273100,880.960000,2.273000,676.810000,2.272900,1261.090000,2.272800,185.220000,2.272700,28.950000,2.272600,829.000000,2.272400,2142.050000,2.273900,88.630000,2.274200,8.780000,2.274300,426.330000,2.274400,262.560000,2.274600,18.010000,2.274800,10.000000,2.274900,20068.010000,2.275000,16.890000,2.275100,863.670000,2.275200,4.390000
1758739097.6605983,171694313036,2.273800,880.960000,2.273600,250.060000,2.273500,1305.090000,2.273400,713.770000,2.273300,431.960000,2.273200,84.100000,2.273100,880.960000,2.273000,676.810000,2.272900,1261.090000,2.272800,262.380000,2.274400,155.520000,2.274600,22.400000,2.274700,195.370000,2.274800,78.000000,2.274900,126.370000,2.275000,19958.530000,2.275100,863.670000,2.275200,4.390000,2.275400,880.960000,2.275500,14.130000
1758739097.9571404,171694314727,2.273900,1176.330000,2.273800,880.960000,2.273700,82.590000,2.273600,240.390000,2.273500,1383.400000,2.273300,10.000000,2.273200,493.120000,2.273100,4264.330000,2.273000,5129.760000,2.272900,1261.090000,2.274100,4.390000,2.274400,55.520000,2.274600,22.400000,2.274800,78.000000,2.274900,126.370000,2.275000,16.890000,2.275100,863.670000,2.275200,4.390000,2.275500,20266.510000,2.275600,269.220000
1758739098.2996151,171694316912,2.274000,1277.980000,2.273900,96.830000,2.273800,909.910000,2.273500,7735.060000,2.273300,2900.560000,2.273100,965.060000,2.273000,732.800000,2.272900,1390.880000,2.272800,185.220000,2.272700,106.110000,2.274300,97.220000,2.275000,8812.320000,2.275100,565.950000,2.275200,4.390000,2.275400,20890.580000,2.275500,14.130000,2.275600,269.220000,2.275700,3.140000,2.275800,185.780000,2.275900,274.280000
1758739098.6247818,171694319239,2.274100,44.000000,2.274000,3883.430000,2.273900,96.830000,2.273800,28.950000,2.273500,1271.090000,2.273300,10.000000,2.273100,880.960000,2.273000,732.800000,2.272900,1562.070000,2.272800,185.220000,2.274900,67.980000,2.275000,4945.780000,2.275100,565.950000,2.275200,19946.030000,2.275300,312.940000,2.275400,880.960000,2.275500,14.130000,2.275600,269.220000,2.275700,3.140000,2.275800,229.720000
1758739098.9003036,171694320831,2.274500,3826.540000,2.274100,91.340000,2.274000,16.890000,2.273900,96.830000,2.273800,28.950000,2.273500,10.000000,2.273300,10.000000,2.273100,135.840000,2.273000,732.800000,2.272900,1390.880000,2.274600,889.410000,2.274700,19941.640000,2.274800,29190.120000,2.274900,177.100000,2.275100,1827.040000,2.275200,4.390000,2.275400,880.960000,2.275500,14.130000,2.275600,269.220000,2.275700,1264.230000
1758739099.30836,171694322477,2.274300,44.000000,2.274200,96.810000,2.274100,91.340000,2.274000,16.890000,2.273900,3353.590000,2.273800,28.950000,2.273500,10.000000,2.273300,10.000000,2.273100,880.960000,2.273000,77.270000,2.274400,11106.140000,2.274600,1131.490000,2.274800,659.390000,2.275100,1827.040000,2.275200,4.390000,2.275400,880.960000,2.275500,149.970000,2.275600,269.220000,2.275700,1264.230000,2.275800,229.720000
1758739099.4443867,171694325125,2.274300,1618.140000,2.274100,3175.790000,2.274000,16.890000,2.273800,28.950000,2.273500,10.000000,2.273300,10.000000,2.273100,880.960000,2.273000,174.090000,2.272900,1390.880000,2.272800,321.060000,2.274400,20525.280000,2.274500,44.000000,2.274600,886.410000,2.274700,7194.570000,2.274800,431.960000,2.275100,9198.710000,2.275200,4.390000,2.275300,7194.570000,2.275400,880.960000,2.275500,14.130000
1758739099.7429266,171694327313,2.274100,3175.790000,2.274000,16.890000,2.273800,3113.400000,2.273500,10.000000,2.273300,10.000000,2.273100,880.960000,2.273000,165.870000,2.272900,1469.160000,2.272800,321.060000,2.272700,28.950000,2.274200,8862.750000,2.274300,15092.050000,2.274400,1077.950000,2.274500,44.000000,2.274600,108.650000,2.274700,880.960000,2.274900,4396.960000,2.275000,7194.570000,2.275100,565.950000,2.275200,4.390000
1758739100.0262516,171694329978,2.274100,3655.800000,2.274000,16.890000,2.273800,125.770000,2.273500,10.000000,2.273300,6545.840000,2.273100,880.960000,2.273000,77.270000,2.272900,1390.880000,2.272800,185.220000,2.272700,28.950000,2.274200,67.990000,2.274300,67.990000,2.274400,1077.950000,2.274500,44.000000,2.274600,108.650000,2.274700,880.960000,2.274800,7194.570000,2.274900,177.100000,2.275100,565.950000,2.275200,1265.480000
1758739100.3254087,171694332165,2.274100,3175.790000,2.274000,16.890000,2.273800,28.950000,2.273600,96.830000,2.273500,10.000000,2.273300,10.000000,2.273000,77.270000,2.272900,1390.880000,2.272800,6585.220000,2.272700,28.950000,2.274200,48338.850000,2.274300,67.990000,2.274400,418.440000,2.274500,221.100000,2.274600,108.650000,2.274700,880.960000,2.275000,4397.150000,2.275100,565.950000,2.275200,1265.480000,2.275400,1016.800000
1758739100.5803564,171694335181,2.273400,86.780000,2.273300,10.000000,2.273000,77.270000,2.272900,129.790000,2.272800,185.220000,2.272700,28.950000,2.272600,6511.040000,2.272500,135.840000,2.272400,880.960000,2.272300,144.840000,2.273700,8812.710000,2.273800,44.000000,2.273900,8925.930000,2.274100,8812.710000,2.274200,1918.450000,2.274300,67.990000,2.274400,418.440000,2.274500,4397.920000,2.274600,77.950000,2.274700,2142.050000
1758739100.8283625,171694336964,2.273600,480.010000,2.273500,6400.000000,2.273400,86.780000,2.273300,10.000000,2.273000,77.270000,2.272900,129.790000,2.272800,185.220000,2.272700,42.060000,2.272600,111.040000,2.272500,1261.090000,2.273700,67.990000,2.273800,44.000000,2.273900,113.220000,2.274100,135.840000,2.274200,9504.070000,2.274300,67.990000,2.274400,28793.140000,2.274700,2142.050000,2.274800,10.000000,2.274900,28.950000
1758739101.0969691,171694338551,2.273600,6400.000000,2.273400,86.780000,2.273300,10.000000,2.273100,880.960000,2.273000,77.270000,2.272900,129.790000,2.272800,185.220000,2.272700,28.950000,2.272600,111.040000,2.272500,1261.090000,2.273800,44.000000,2.273900,203.470000,2.274300,8880.700000,2.274400,486.430000,2.274700,2142.050000,2.274800,10.000000,2.274900,28.950000,2.275000,16.890000,2.275100,565.950000,2.275200,20827.470000
1758739101.5238254,171694340662,2.273700,6883.080000,2.273400,86.780000,2.273300,10.000000,2.273100,880.960000,2.273000,248.460000,2.272900,129.790000,2.272800,340.560000,2.272700,28.950000,2.272600,372.240000,2.272500,1261.090000,2.273800,44.000000,2.273900,113.220000,2.274100,67.990000,2.274200,90.250000,2.274300,67.990000,2.274400,418.440000,2.274500,8812.710000,2.274700,880.960000,2.274800,10.000000,2.274900,28.950000
