unix_timestamp,lastUpdateId,bid_price_0,bid_qty_0,bid_price_1,bid_qty_1,bid_price_2,bid_qty_2,bid_price_3,bid_qty_3,bid_price_4,bid_qty_4,bid_price_5,bid_qty_5,bid_price_6,bid_qty_6,bid_price_7,bid_qty_7,bid_price_8,bid_qty_8,bid_price_9,bid_qty_9,ask_price_0,ask_qty_0,ask_price_1,ask_qty_1,ask_price_2,ask_qty_2,ask_price_3,ask_qty_3,ask_price_4,ask_qty_4,ask_price_5,ask_qty_5,ask_price_6,ask_qty_6,ask_price_7,ask_qty_7,ask_price_8,ask_qty_8,ask_price_9,ask_qty_9
1758739037.0606034,171693934076,113644.600000,42.726000,113644.400000,0.002000,113644.200000,0.010000,113644.100000,0.010000,113644.000000,0.033000,113643.500000,0.011000,113643.000000,0.002000,113642.000000,0.004000,113641.100000,0.024000,113641.000000,0.012000,113644.700000,36.671000,113644.800000,0.016000,113644.900000,0.524000,113645.000000,0.037000,113645.200000,0.017000,113645.800000,0.013000,113646.000000,0.492000,113646.500000,0.022000,113647.000000,0.017000,113648.000000,0.002000
1758739040.9247973,171693957060,113644.600000,23.614000,113644.400000,0.002000,113644.200000,0.022000,113644.100000,0.010000,113644.000000,0.033000,113643.500000,0.011000,113643.000000,0.002000,113642.600000,0.001000,113642.000000,0.022000,113641.100000,0.014000,113644.700000,26.989000,113644.800000,0.001000,113644.900000,0.523000,113645.000000,0.012000,113645.200000,0.022000,113645.800000,0.021000,113646.000000,0.535000,113646.500000,0.002000,113647.000000,0.012000,113648.000000,0.002000
1758739041.2491076,171693960129,113644.600000,24.116000,113644.400000,0.002000,113644.200000,0.022000,113644.100000,0.010000,113644.000000,0.033000,113643.500000,0.011000,113643.000000,0.002000,113642.600000,0.001000,113642.000000,0.032000,113641.100000,0.014000,113644.700000,23.281000,113644.800000,0.001000,113644.900000,0.525000,113645.000000,0.012000,113645.200000,0.022000,113645.800000,0.021000,113646.000000,0.533000,113646.500000,0.002000,113647.000000,0.027000,113648.000000,0.002000
1758739041.5108025,171693962495,113644.600000,24.116000,113644.400000,0.002000,113644.200000,0.022000,113644.100000,0.010000,113644.000000,0.033000,113643.500000,0.011000,113643.000000,0.002000,113642.600000,0.001000,113642.000000,0.032000,113641.100000,0.014000,113644.700000,22.116000,113644.800000,0.001000,113644.900000,0.525000,113645.000000,0.014000,113645.200000,0.022000,113645.800000,0.021000,113646.000000,0.523000,113646.500000,0.002000,113647.000000,0.027000,113648.000000,0.002000
1758739041.8120756,171693964519,113644.600000,24.021000,113644.400000,0.002000,113644.200000,0.022000,113644.100000,0.010000,113644.000000,0.033000,113643.500000,0.011000,113643.000000,0.002000,113642.600000,0.001000,113642.000000,0.032000,113641.100000,0.014000,113644.700000,22.184000,113644.800000,0.001000,113644.900000,0.521000,113645.000000,0.014000,113645.200000,0.022000,113645.800000,0.021000,113646.000000,0.523000,113646.500000,0.002000,113647.000000,0.037000,113648.000000,0.002000
1758739042.1475317,171693966036,113644.600000,24.031000,113644.200000,0.022000,113644.100000,0.010000,113644.000000,0.033000,113643.500000,0.011000,113643.000000,0.002000,113642.600000,0.001000,113642.000000,0.032000,113641.100000,0.014000,113641.000000,0.002000,113644.700000,22.179000,113644.800000,0.001000,113644.900000,0.521000,113645.000000,0.014000,113645.200000,0.022000,113645.800000,0.023000,113646.000000,0.523000,113646.500000,0.002000,113647.000000,0.027000,113648.000000,0.002000
1758739042.3736944,171693967536,113644.600000,24.032000,113644.200000,0.022000,113644.100000,0.010000,113644.000000,0.033000,113643.500000,0.011000,113643.000000,0.002000,113642.600000,0.001000,113642.000000,0.032000,113641.100000,0.014000,113641.000000,0.002000,113644.700000,22.168000,113644.800000,0.001000,113644.900000,0.521000,113645.000000,0.014000,113645.200000,0.022000,113645.800000,0.023000,113646.000000,0.523000,113646.500000,0.012000,113647.000000,0.027000,113648.000000,0.002000
1758739042.68899,171693969498,113644.600000,24.097000,113644.400000,0.002000,113644.200000,0.012000,113644.100000,0.010000,113644.000000,0.033000,113643.500000,0.011000,113643.000000,0.002000,113642.600000,0.001000,113642.000000,0.032000,113641.100000,0.014000,113644.700000,21.753000,113644.800000,0.001000,113644.900000,0.511000,113645.000000,0.014000,113645.200000,0.022000,113645.800000,0.023000,113646.000000,0.523000,113646.500000,0.012000,113647.000000,0.027000,113648.000000,0.002000
1758739042.9913445,171693971431,113644.600000,24.025000,113644.400000,0.002000,113644.200000,0.012000,113644.100000,0.011000,113644.000000,0.033000,113643.500000,0.011000,113643.000000,0.002000,113642.000000,0.042000,113641.100000,0.014000,113641.000000,0.002000,113644.700000,21.732000,113644.800000,0.001000,113644.900000,0.513000,113645.000000,0.014000,113645.200000,0.020000,113645.800000,0.018000,113646.000000,0.523000,113646.500000,0.022000,113647.000000,0.027000,113648.000000,0.002000
1758739043.2695713,171693972936,113644.600000,24.016000,113644.400000,0.002000,113644.200000,0.012000,113644.100000,0.011000,113644.000000,0.033000,113643.500000,0.011000,113643.000000,0.002000,113642.000000,0.042000,113641.100000,0.014000,113641.000000,0.002000,113644.700000,21.732000,113644.800000,0.001000,113644.900000,0.513000,113645.000000,0.024000,113645.200000,0.020000,113645.800000,0.018000,113646.000000,0.512000,113646.500000,0.029000,113647.000000,0.027000,113648.000000,0.002000
1758739043.586402,171693975088,113644.600000,23.904000,113644.400000,0.002000,113644.200000,0.012000,113644.100000,0.011000,113644.000000,0.033000,113643.500000,0.011000,113643.000000,0.002000,113642.000000,0.022000,113641.100000,0.014000,113641.000000,0.002000,113644.700000,21.719000,113644.800000,0.001000,113644.900000,0.513000,113645.000000,0.024000,113645.200000,0.020000,113645.800000,0.018000,113646.000000,0.492000,113646.500000,0.030000,113647.000000,0.027000,113647.500000,0.030000
1758739043.8864794,171693977209,113644.600000,23.901000,113644.400000,0.002000,113644.200000,0.012000,113644.100000,0.021000,113644.000000,0.033000,113643.500000,0.021000,113643.000000,0.002000,113642.000000,0.022000,113641.100000,0.014000,113641.000000,0.002000,113644.700000,21.702000,113644.800000,6.599000,113644.900000,0.503000,113645.000000,0.034000,113645.200000,0.010000,113645.800000,0.038000,113646.000000,0.492000,113646.500000,0.030000,113647.000000,0.027000,113647.500000,0.030000
1758739044.1575987,171693978133,113644.600000,23.796000,113644.200000,0.012000,113644.100000,0.021000,113644.000000,0.033000,113643.500000,0.021000,113643.000000,0.002000,113642.000000,0.012000,113641.100000,0.014000,113641.000000,0.002000,113640.000000,0.004000,113644.700000,28.072000,113644.800000,0.001000,113644.900000,0.503000,113645.000000,0.034000,113645.200000,0.010000,113645.800000,0.038000,113646.000000,0.503000,113646.500000,0.030000,113647.000000,0.012000,113647.500000,0.030000
1758739044.413317,171693980165,113644.600000,23.774000,113644.200000,0.022000,113644.100000,0.021000,113644.000000,0.033000,113643.500000,0.021000,113643.000000,0.002000,113642.000000,0.012000,113641.100000,0.014000,113641.000000,0.002000,113640.000000,0.004000,113644.700000,28.062000,113644.800000,0.001000,113644.900000,0.503000,113645.000000,0.032000,113645.200000,0.010000,113645.800000,0.038000,113646.000000,0.503000,113646.500000,0.045000,113647.000000,0.012000,113647.500000,0.030000
1758739044.682869,171693981690,113644.600000,23.772000,113644.200000,0.022000,113644.100000,0.021000,113644.000000,0.033000,113643.500000,0.021000,113643.000000,0.002000,113642.000000,0.012000,113641.100000,0.014000,113641.000000,0.002000,113640.000000,0.004000,113644.700000,28.058000,113644.800000,0.001000,113644.900000,0.503000,113645.000000,0.032000,113645.200000,0.010000,113645.800000,0.023000,113646.000000,0.503000,113646.500000,0.045000,113647.000000,0.029000,113647.500000,0.030000
1758739044.944676,171693983203,113644.600000,23.732000,113644.200000,0.022000,113644.100000,0.021000,113644.000000,0.033000,113643.500000,0.021000,113643.000000,0.002000,113642.000000,0.012000,113641.100000,0.014000,113641.000000,0.002000,113640.000000,0.004000,113644.700000,28.048000,113644.800000,0.001000,113644.900000,0.501000,113645.000000,0.032000,113645.200000,0.010000,113645.800000,0.021000,113646.000000,0.503000,113646.500000,0.045000,113647.000000,0.029000,113647.500000,0.030000
1758739045.3747833,171693985678,113644.600000,23.432000,113644.200000,0.022000,113644.100000,0.021000,113644.000000,0.033000,113643.500000,0.021000,113643.000000,0.002000,113642.000000,0.012000,113641.100000,0.014000,113641.000000,0.002000,113640.000000,0.004000,113644.700000,27.922000,113644.800000,0.001000,113644.900000,0.501000,113645.000000,0.032000,113645.200000,0.010000,113645.800000,0.021000,113646.000000,0.503000,113646.500000,0.037000,113647.000000,0.029000,113647.500000,0.030000
1758739045.6397505,171693987713,113644.600000,23.432000,113644.400000,0.002000,113644.200000,0.020000,113644.100000,0.031000,113644.000000,0.035000,113643.500000,0.021000,113643.000000,0.002000,113642.000000,0.012000,113641.100000,0.014000,113641.000000,0.002000,113644.700000,28.002000,113644.800000,0.001000,113644.900000,0.511000,113645.000000,0.032000,113645.200000,0.010000,113645.800000,0.021000,113646.000000,0.503000,113646.500000,0.037000,113647.000000,0.029000,113647.500000,0.030000
1758739045.8982,171693989342,113644.600000,23.418000,113644.400000,0.002000,113644.200000,0.020000,113644.100000,0.031000,113644.000000,0.035000,113643.500000,0.021000,113643.000000,0.002000,113642.000000,0.002000,113641.100000,0.014000,113641.000000,0.002000,113644.700000,28.002000,113644.800000,0.001000,113644.900000,0.513000,113645.000000,0.032000,113645.200000,0.010000,113645.800000,0.021000,113646.000000,0.503000,113646.500000,0.027000,113647.000000,0.029000,113647.500000,0.030000
1758739046.2361636,171693991077,113644.600000,23.332000,113644.400000,0.002000,113644.200000,0.010000,113644.100000,0.031000,113644.000000,0.035000,113643.500000,0.021000,113643.000000,0.002000,113642.000000,0.002000,113641.100000,0.024000,113641.000000,0.002000,113644.700000,28.002000,113644.800000,0.001000,113644.900000,0.513000,113645.000000,0.022000,113645.200000,0.010000,113645.800000,0.021000,113646.000000,0.503000,113646.500000,0.032000,113647.000000,0.029000,113647.500000,0.030000
1758739046.510803,171693993101,113644.600000,26.140000,113644.400000,0.002000,113644.200000,0.010000,113644.100000,0.040000,113644.000000,0.035000,113643.500000,0.021000,113643.000000,0.002000,113642.000000,0.002000,113641.100000,0.024000,113641.000000,0.002000,113644.700000,27.981000,113644.800000,0.001000,113644.900000,0.513000,113645.000000,0.017000,113645.100000,0.010000,113645.200000,0.010000,113645.800000,0.033000,113646.000000,0.503000,113646.500000,0.030000,113647.000000,0.029000
1758739046.7604756,171693994011,113644.600000,25.327000,113644.400000,0.002000,113644.200000,0.010000,113644.100000,0.030000,113644.000000,0.035000,113643.500000,0.001000,113643.000000,0.002000,113642.000000,0.002000,113641.100000,0.024000,113641.000000,0.002000,113644.700000,27.907000,113644.800000,0.001000,113644.900000,0.503000,113645.000000,0.017000,113645.100000,0.010000,113645.200000,0.010000,113645.800000,0.013000,113646.000000,0.503000,113646.500000,0.030000,113647.000000,0.029000
1758739047.1415262,171693996821,113644.600000,25.327000,113644.400000,0.002000,113644.200000,0.010000,113644.100000,0.040000,113644.000000,0.035000,113643.500000,0.011000,113643.000000,0.002000,113642.000000,0.012000,113641.100000,0.024000,113641.000000,0.002000,113644.700000,27.907000,113644.800000,0.001000,113644.900000,0.501000,113645.000000,0.027000,113645.100000,0.010000,113645.200000,0.010000,113645.800000,0.023000,113646.000000,0.513000,113646.500000,0.030000,113647.000000,0.029000
1758739047.4468498,171693998761,113644.600000,25.327000,113644.100000,0.040000,113644.000000,0.035000,113643.500000,0.011000,113643.000000,0.002000,113642.000000,0.012000,113641.100000,0.034000,113641.000000,0.002000,113640.100000,0.005000,113640.000000,0.004000,113644.700000,27.917000,113644.800000,0.001000,113644.900000,0.501000,113645.000000,0.027000,113645.100000,0.025000,113645.200000,0.010000,113645.800000,0.023000,113646.000000,0.513000,113646.500000,0.015000,113647.000000,0.029000
1758739047.742343,171694000331,113644.600000,24.783000,113644.100000,0.040000,113644.000000,0.035000,113643.500000,0.011000,113643.000000,0.002000,113642.000000,0.012000,113641.100000,0.034000,113641.000000,0.002000,113640.100000,0.005000,113640.000000,0.004000,113644.700000,27.899000,113644.800000,0.001000,113644.900000,0.501000,113645.000000,0.027000,113645.100000,0.025000,113645.200000,0.010000,113645.800000,0.025000,113646.000000,0.513000,113646.500000,0.015000,113647.000000,0.002000
1758739048.0002022,171694001710,113644.600000,24.793000,113644.400000,0.002000,113644.100000,0.040000,113644.000000,0.035000,113643.500000,0.011000,113643.000000,0.002000,113642.000000,0.012000,113641.100000,0.034000,113641.000000,0.002000,113640.100000,0.005000,113644.700000,28.389000,113644.800000,0.001000,113644.900000,0.501000,113645.000000,0.027000,113645.100000,0.025000,113645.200000,0.025000,113645.800000,0.035000,113646.000000,0.513000,113646.500000,0.013000,113647.000000,0.002000
1758739048.3192823,171694003744,113644.600000,24.798000,113644.400000,0.002000,113644.100000,0.040000,113644.000000,0.035000,113643.500000,0.011000,113643.000000,0.002000,113642.000000,0.012000,113641.100000,0.034000,113641.000000,0.002000,113640.100000,0.005000,113644.700000,28.389000,113644.800000,0.001000,113644.900000,0.503000,113645.000000,0.027000,113645.100000,0.025000,113645.200000,0.025000,113645.800000,0.035000,113646.000000,0.513000,113646.500000,0.011000,113647.000000,0.002000
1758739048.628313,171694005905,113644.600000,24.828000,113644.400000,0.002000,113644.100000,0.040000,113644.000000,0.035000,113643.500000,0.011000,113643.000000,0.002000,113642.000000,0.012000,113641.100000,0.034000,113641.000000,0.002000,113640.100000,0.005000,113644.700000,28.379000,113644.800000,0.001000,113644.900000,0.503000,113645.000000,0.027000,113645.100000,0.027000,113645.200000,0.025000,113645.800000,0.035000,113646.000000,0.513000,113646.500000,0.011000,113647.000000,0.002000
1758739048.8856401,171694007109,113644.600000,24.523000,113644.400000,0.002000,113644.100000,0.040000,113644.000000,0.033000,113643.500000,0.011000,113643.000000,0.002000,113642.000000,0.012000,113641.100000,0.036000,113641.000000,0.002000,113640.100000,0.005000,113644.700000,28.389000,113644.800000,0.001000,113644.900000,0.503000,113645.000000,0.027000,113645.100000,0.027000,113645.200000,0.025000,113645.800000,0.035000,113646.000000,0.513000,113646.500000,0.011000,113647.000000,0.002000
1758739049.1863494,171694009499,113644.600000,22.054000,113644.100000,0.030000,113644.000000,0.033000,113643.500000,0.011000,113643.000000,0.002000,113642.000000,0.012000,113641.100000,0.026000,113641.000000,0.002000,113640.100000,0.005000,113640.000000,0.004000,113644.700000,28.277000,113644.800000,0.001000,113644.900000,0.503000,113645.000000,0.027000,113645.100000,0.027000,113645.200000,0.025000,113645.800000,0.035000,113646.000000,0.513000,113646.500000,0.001000,113647.000000,0.002000
1758739049.6218235,171694012004,113644.600000,21.883000,113644.100000,0.030000,113644.000000,0.033000,113643.500000,0.011000,113643.000000,0.002000,113642.000000,0.022000,113641.100000,0.026000,113641.000000,0.002000,113640.000000,0.004000,113639.800000,0.007000,113644.700000,27.555000,113644.800000,0.001000,113644.900000,0.501000,113645.000000,0.022000,113645.100000,0.027000,113645.200000,0.015000,113645.800000,0.045000,113646.000000,0.513000,113646.500000,0.011000,113647.000000,0.002000
1758739049.731141,171694014157,113644.600000,22.776000,113644.400000,0.002000,113644.100000,0.030000,113644.000000,0.033000,113643.500000,0.011000,113643.000000,0.002000,113642.000000,0.022000,113641.100000,0.026000,113641.000000,0.002000,113640.000000,0.004000,113644.700000,19.761000,113644.800000,0.001000,113644.900000,0.501000,113645.000000,0.022000,113645.100000,0.037000,113645.200000,0.020000,113645.800000,0.035000,113646.000000,0.513000,113646.500000,0.013000,113647.000000,0.002000
1758739050.0415587,171694015863,113644.600000,22.777000,113644.400000,0.002000,113644.100000,0.010000,113644.000000,0.033000,113643.500000,0.002000,113643.000000,0.002000,113642.000000,0.022000,113641.100000,0.026000,113641.000000,0.002000,113640.000000,0.004000,113644.700000,1.287000,113644.800000,0.001000,113644.900000,0.501000,113645.000000,0.002000,113645.100000,0.037000,113645.200000,0.020000,113645.800000,0.025000,113646.000000,0.513000,113646.500000,0.013000,113647.000000,0.002000
1758739050.3111873,171694018151,113644.600000,22.005000,113644.400000,0.002000,113644.100000,0.010000,113644.000000,0.033000,113643.500000,0.002000,113643.000000,0.022000,113642.000000,0.012000,113641.100000,0.036000,113641.000000,0.002000,113640.000000,0.004000,113644.700000,0.042000,113644.800000,0.001000,113644.900000,0.501000,113645.000000,0.002000,113645.100000,0.037000,113645.200000,0.040000,113645.800000,0.035000,113646.000000,0.503000,113646.500000,0.013000,113647.000000,0.002000
1758739050.562115,171694019892,113649.900000,12.530000,113644.800000,2.518000,113644.700000,0.880000,113644.600000,1.892000,113644.400000,0.002000,113644.100000,0.010000,113644.000000,0.033000,113643.500000,0.011000,113643.000000,0.022000,113642.000000,0.027000,113650.000000,0.025000,113652.600000,0.032000,113652.800000,0.016000,113653.000000,33.969000,113653.100000,0.001000,113653.200000,0.018000,113653.600000,0.005000,113654.400000,0.231000,113654.500000,0.005000,113655.000000,0.098000
1758739050.8176181,171694021510,113649.900000,51.940000,113647.200000,0.001000,113645.000000,0.002000,113644.800000,0.780000,113644.700000,0.880000,113644.600000,1.882000,113644.400000,0.002000,113644.100000,0.010000,113644.000000,0.033000,113643.500000,0.013000,113650.000000,0.632000,113650.600000,0.001000,113652.600000,0.032000,113652.800000,0.016000,113653.000000,33.969000,113653.100000,0.003000,113653.200000,0.018000,113653.600000,0.005000,113654.400000,0.231000,113654.500000,0.005000
1758739051.2487798,171694023128,113652.900000,36.865000,113650.500000,0.008000,113649.900000,0.852000,113645.000000,0.002000,113644.800000,0.780000,113644.700000,0.880000,113644.600000,1.861000,113644.400000,0.002000,113644.100000,0.010000,113644.000000,0.033000,113653.000000,33.890000,113653.100000,0.003000,113653.200000,0.018000,113653.300000,0.018000,113653.600000,0.005000,113654.400000,0.231000,113654.500000,0.005000,113655.000000,0.098000,113655.700000,0.004000,113656.100000,6.598000
1758739051.4660554,171694025004,113652.900000,50.331000,113652.800000,0.001000,113652.500000,0.001000,113652.000000,0.002000,113651.000000,0.002000,113650.500000,0.008000,113650.000000,0.002000,113649.900000,0.152000,113649.000000,0.002000,113648.000000,0.002000,113653.000000,37.257000,113653.100000,0.004000,113653.200000,0.018000,113653.300000,0.018000,113653.600000,0.005000,113654.000000,0.002000,113654.400000,0.231000,113654.500000,0.005000,113655.000000,0.100000,113655.700000,0.004000
1758739051.7411199,171694026873,113652.900000,40.326000,113652.800000,0.001000,113652.500000,0.001000,113652.000000,0.002000,113651.000000,0.002000,113650.500000,0.018000,113650.000000,0.002000,113649.900000,0.154000,113649.000000,0.002000,113648.000000,0.002000,113653.000000,0.803000,113653.100000,0.004000,113653.200000,0.018000,113653.300000,0.018000,113653.600000,0.005000,113653.700000,0.010000,113654.000000,0.002000,113654.400000,0.231000,113654.500000,0.005000,113654.900000,0.002000
1758739052.054668,171694029115,113653.000000,4.343000,113652.900000,2.680000,113652.800000,0.001000,113652.700000,0.002000,113652.500000,0.001000,113652.000000,0.002000,113651.000000,0.002000,113650.500000,0.018000,113650.000000,0.002000,113649.900000,0.154000,113653.100000,0.010000,113654.400000,0.156000,113654.500000,0.005000,113654.900000,0.002000,113655.000000,0.100000,113655.700000,0.004000,113656.000000,0.002000,113656.400000,0.055000,113656.500000,0.012000,113656.700000,0.220000
1758739052.424673,171694031195,113654.900000,4.559000,113654.500000,0.001000,113654.300000,0.097000,113653.000000,0.805000,113652.900000,0.154000,113652.800000,0.001000,113652.700000,0.002000,113652.500000,0.001000,113652.000000,0.002000,113651.000000,0.002000,113656.700000,0.192000,113656.800000,0.002000,113657.000000,0.002000,113657.100000,0.001000,113657.300000,0.070000,113657.400000,0.058000,113657.600000,0.090000,113657.800000,0.024000,113658.200000,0.087000,113658.300000,33.807000
1758739052.7431672,171694032808,113657.400000,0.008000,113656.600000,31.188000,113655.000000,0.010000,113654.900000,0.224000,113654.800000,0.001000,113654.500000,0.001000,113653.000000,0.005000,113652.900000,0.154000,113652.700000,0.002000,113652.500000,0.001000,113658.300000,33.807000,113659.300000,0.020000,113659.600000,0.013000,113660.000000,0.595000,113660.400000,0.001000,113660.600000,0.108000,113661.000000,0.002000,113661.600000,0.021000,113661.700000,0.003000,113662.000000,0.002000
1758739053.0862582,171694034457,113658.200000,27.371000,113658.100000,0.132000,113657.700000,0.222000,113657.500000,0.140000,113657.400000,0.009000,113657.300000,0.308000,113657.200000,0.496000,113657.000000,0.132000,113656.900000,9.917000,113656.600000,0.220000,113658.300000,33.786000,113658.600000,0.001000,113659.300000,0.020000,113659.600000,0.013000,113660.000000,0.595000,113660.400000,0.001000,113660.600000,0.108000,113661.000000,0.002000,113661.600000,0.021000,113661.700000,0.003000
1758739053.4055989,171694036607,113658.200000,41.623000,113657.700000,0.001000,113657.500000,0.791000,113657.400000,0.018000,113656.600000,0.230000,113656.500000,0.001000,113655.100000,0.041000,113655.000000,0.055000,113654.900000,0.205000,113654.500000,0.001000,113658.300000,33.742000,113658.600000,0.001000,113659.300000,0.020000,113659.600000,0.013000,113660.000000,0.605000,113660.400000,0.001000,113660.600000,0.108000,113661.000000,0.002000,113661.600000,0.021000,113661.700000,0.003000
1758739053.7181354,171694038190,113658.200000,42.422000,113657.700000,0.001000,113657.400000,0.018000,113656.600000,0.231000,113656.500000,0.001000,113655.000000,0.013000,113654.900000,0.216000,113654.500000,0.001000,113653.000000,0.016000,113652.900000,0.146000,113658.300000,33.737000,113658.600000,0.001000,113659.300000,0.020000,113659.600000,0.013000,113660.000000,0.605000,113660.400000,0.001000,113660.600000,0.108000,113661.000000,0.002000,113661.600000,0.021000,113661.700000,0.003000
1758739053.9725537,171694040463,113658.200000,42.392000,113657.700000,0.001000,113657.400000,0.018000,113656.600000,0.231000,113656.500000,0.001000,113655.000000,0.013000,113654.900000,0.216000,113654.500000,0.001000,113653.000000,0.016000,113652.900000,0.163000,113658.300000,33.743000,113658.600000,0.001000,113659.300000,0.020000,113659.600000,0.013000,113660.000000,0.605000,113660.400000,0.001000,113660.600000,0.108000,113661.000000,0.002000,113661.600000,0.021000,113661.700000,0.003000
1758739054.270278,171694043180,113658.200000,42.364000,113657.700000,0.001000,113657.400000,0.018000,113656.600000,0.247000,113656.500000,0.001000,113655.000000,0.013000,113654.900000,0.216000,113654.500000,0.010000,113653.000000,0.014000,113652.900000,0.161000,113658.300000,33.468000,113658.600000,0.001000,113659.300000,0.020000,113659.600000,0.013000,113660.000000,0.605000,113660.400000,0.001000,113660.600000,0.108000,113661.000000,0.002000,113661.600000,0.021000,113661.700000,0.018000
1758739054.5840092,171694045341,113658.200000,42.370000,113657.700000,0.001000,113657.500000,0.010000,113657.400000,0.018000,113656.600000,0.197000,113656.500000,0.001000,113655.000000,0.013000,113654.900000,0.213000,113654.500000,0.012000,113653.000000,0.010000,113658.300000,33.478000,113658.600000,0.001000,113659.300000,0.020000,113659.600000,0.013000,113660.000000,0.605000,113660.400000,0.001000,113660.600000,0.108000,113661.000000,0.004000,113661.600000,0.021000,113661.700000,0.018000
1758739054.8758492,171694047751,113658.200000,42.376000,113657.700000,0.001000,113657.500000,0.010000,113657.400000,0.018000,113656.600000,0.195000,113656.500000,0.016000,113655.000000,0.013000,113654.900000,0.210000,113654.800000,0.001000,113654.500000,0.022000,113658.300000,33.382000,113658.600000,0.001000,113659.300000,0.020000,113659.600000,0.013000,113660.000000,0.605000,113660.400000,0.001000,113660.600000,0.108000,113661.000000,0.004000,113661.600000,0.021000,113661.700000,0.018000
1758739055.1462622,171694049234,113658.200000,42.203000,113657.700000,0.001000,113657.500000,0.010000,113657.400000,0.018000,113657.000000,0.880000,113656.600000,0.016000,113656.500000,0.018000,113655.000000,0.013000,113654.900000,0.210000,113654.800000,0.001000,113658.300000,0.029000,113658.600000,0.001000,113659.300000,0.020000,113659.600000,0.013000,113660.000000,0.605000,113660.400000,0.001000,113660.600000,0.108000,113661.000000,0.004000,113661.600000,0.021000,113661.700000,0.018000
1758739055.483358,171694051684,113659.900000,4.592000,113658.400000,0.008000,113658.300000,0.009000,113658.200000,1.010000,113658.100000,0.002000,113657.700000,0.001000,113657.500000,0.010000,113657.400000,0.018000,113657.300000,0.001000,113657.000000,0.880000,113660.000000,0.603000,113660.400000,0.001000,113660.600000,0.108000,113661.000000,0.004000,113661.600000,0.021000,113661.700000,0.018000,113662.000000,0.002000,113662.400000,0.030000,113662.500000,0.031000,113662.700000,0.010000
1758739055.736554,171694053362,113659.900000,14.866000,113659.200000,26.750000,113658.300000,0.009000,113658.200000,1.005000,113658.100000,0.002000,113657.700000,0.001000,113657.500000,0.010000,113657.400000,0.018000,113657.300000,0.001000,113657.000000,0.880000,113660.000000,0.381000,113660.400000,0.001000,113660.600000,0.108000,113661.000000,0.004000,113661.600000,0.021000,113661.700000,0.018000,113662.000000,0.002000,113662.400000,0.030000,113662.500000,0.031000,113662.700000,0.010000
1758739056.0287535,171694055149,113659.900000,41.675000,113658.200000,1.005000,113658.100000,0.002000,113657.700000,0.001000,113657.500000,0.010000,113657.400000,0.018000,113657.300000,0.001000,113657.000000,0.880000,113656.600000,0.015000,113656.500000,0.018000,113660.000000,0.381000,113660.400000,0.001000,113660.600000,0.108000,113661.000000,0.004000,113661.600000,0.021000,113661.700000,0.018000,113662.000000,0.002000,113662.400000,0.030000,113662.500000,0.031000,113662.700000,0.010000
1758739056.3691635,171694058797,113659.900000,42.365000,113658.200000,0.101000,113658.100000,0.001000,113657.700000,0.006000,113657.500000,0.030000,113657.400000,0.018000,113657.300000,0.001000,113657.000000,0.880000,113656.600000,0.026000,113656.500000,0.018000,113660.000000,0.378000,113660.400000,0.001000,113660.600000,0.108000,113661.000000,0.004000,113661.600000,0.033000,113661.700000,0.024000,113662.000000,0.002000,113662.400000,0.030000,113662.500000,0.043000,113662.800000,0.001000
1758739056.6170626,171694060977,113659.900000,42.429000,113659.800000,0.002000,113658.200000,0.046000,113658.100000,0.011000,113657.700000,0.006000,113657.500000,0.030000,113657.400000,0.018000,113657.300000,0.001000,113657.000000,0.880000,113656.600000,0.026000,113660.000000,0.109000,113660.400000,0.001000,113660.600000,0.108000,113661.000000,0.004000,113661.600000,0.033000,113661.700000,0.024000,113662.000000,0.002000,113662.400000,0.030000,113662.500000,0.043000,113662.800000,0.001000
1758739056.9283612,171694063216,113659.900000,42.344000,113659.800000,0.002000,113658.200000,0.045000,113658.100000,0.011000,113657.700000,0.006000,113657.500000,0.050000,113657.400000,0.028000,113657.300000,0.001000,113657.000000,0.880000,113656.600000,0.011000,113660.000000,0.084000,113660.400000,0.001000,113660.600000,0.108000,113661.000000,0.004000,113661.600000,0.033000,113661.700000,0.021000,113662.000000,0.002000,113662.400000,0.030000,113662.500000,0.043000,113662.800000,0.001000
1758739057.2538862,171694065709,113659.900000,42.249000,113659.800000,0.003000,113658.200000,0.042000,113658.100000,0.036000,113657.700000,0.006000,113657.500000,0.040000,113657.400000,0.028000,113657.300000,0.001000,113657.000000,0.880000,113656.600000,0.021000,113660.000000,0.073000,113660.400000,0.001000,113660.600000,0.108000,113661.000000,0.002000,113661.600000,0.033000,113661.700000,0.021000,113662.000000,0.002000,113662.400000,0.030000,113662.500000,0.043000,113662.800000,0.001000
1758739057.494005,171694067542,113659.900000,39.365000,113659.800000,0.001000,113658.200000,0.042000,113658.100000,0.036000,113657.700000,0.021000,113657.500000,0.040000,113657.400000,0.028000,113657.300000,0.001000,113657.000000,0.880000,113656.600000,0.021000,113660.000000,2.630000,113660.600000,0.093000,113661.000000,0.002000,113661.600000,0.033000,113661.700000,0.021000,113662.000000,0.002000,113662.400000,0.030000,113662.500000,0.043000,113662.800000,0.001000,113662.900000,0.002000
1758739057.7460217,171694069565,113659.900000,40.173000,113659.800000,0.002000,113658.200000,0.043000,113658.100000,0.046000,113657.700000,0.021000,113657.500000,0.040000,113657.400000,0.028000,113657.300000,0.001000,113657.000000,0.880000,113656.600000,0.021000,113660.000000,2.565000,113660.600000,0.093000,113661.000000,0.002000,113661.600000,0.033000,113661.700000,0.021000,113662.000000,0.002000,113662.400000,0.030000,113662.500000,0.043000,113662.800000,0.001000,113663.200000,0.014000
1758739057.9988945,171694071140,113659.900000,42.801000,113659.800000,0.002000,113658.200000,0.044000,113658.100000,0.046000,113657.700000,0.021000,113657.500000,0.040000,113657.400000,0.028000,113657.300000,0.001000,113657.000000,0.881000,113656.600000,0.021000,113660.000000,0.040000,113660.600000,0.093000,113661.000000,0.002000,113661.600000,0.033000,113661.700000,0.021000,113662.000000,0.002000,113662.400000,0.030000,113662.500000,0.043000,113662.800000,0.001000,113663.200000,0.014000
1758739058.2601175,171694072703,113660.500000,12.925000,113659.900000,5.424000,113659.800000,0.002000,113658.200000,0.034000,113658.100000,0.046000,113657.700000,0.021000,113657.500000,0.050000,113657.400000,0.029000,113657.300000,0.001000,113657.000000,0.881000,113660.600000,0.002000,113661.000000,0.002000,113661.600000,0.033000,113661.700000,0.021000,113662.000000,0.002000,113662.400000,0.030000,113662.500000,0.043000,113662.800000,0.001000,113663.200000,0.014000,113663.300000,0.008000
1758739058.5126078,171694074226,113660.900000,0.097000,113660.500000,42.493000,113659.900000,1.444000,113659.800000,0.002000,113658.200000,0.034000,113658.100000,0.046000,113657.700000,0.021000,113657.500000,0.050000,113657.400000,0.029000,113657.300000,0.001000,113661.600000,0.032000,113661.700000,0.021000,113662.000000,0.002000,113662.400000,0.030000,113662.500000,0.043000,113662.800000,0.001000,113663.200000,0.014000,113663.300000,0.008000,113663.600000,0.038000,113663.900000,0.001000
1758739058.762571,171694075779,113661.500000,42.208000,113661.400000,0.001000,113660.500000,0.101000,113659.900000,1.443000,113659.800000,0.002000,113658.200000,0.033000,113658.100000,0.045000,113657.700000,0.020000,113657.500000,0.050000,113657.400000,0.030000,113661.600000,0.022000,113661.700000,0.021000,113662.000000,0.002000,113662.400000,0.030000,113662.500000,0.043000,113662.800000,0.001000,113663.200000,0.014000,113663.300000,0.008000,113663.600000,0.037000,113663.900000,0.001000
1758739059.041911,171694077377,113661.600000,39.259000,113661.500000,0.854000,113661.400000,0.001000,113661.300000,0.001000,113660.500000,0.102000,113659.900000,1.439000,113659.800000,0.003000,113658.200000,0.034000,113658.100000,0.045000,113657.700000,0.020000,113661.700000,0.016000,113662.000000,0.002000,113662.400000,0.030000,113662.500000,0.031000,113662.800000,0.001000,113663.200000,0.014000,113663.300000,0.008000,113663.600000,0.037000,113663.900000,0.001000,113664.000000,0.069000
1758739059.3241837,171694079093,113665.900000,12.964000,113665.800000,0.229000,113665.700000,0.201000,113665.300000,0.207000,113665.000000,0.391000,113664.700000,0.317000,113664.300000,0.274000,113664.000000,0.130000,113663.900000,0.326000,113663.800000,0.130000,113666.200000,0.003000,113666.400000,0.003000,113666.500000,0.002000,113666.800000,0.019000,113667.300000,0.019000,113667.400000,0.012000,113667.600000,0.002000,113667.800000,6.598000,113668.900000,0.002000,113669.000000,0.012000
1758739059.6191845,171694080680,113665.900000,52.959000,113663.600000,0.001000,113661.600000,0.951000,113661.500000,0.053000,113661.300000,0.001000,113661.000000,0.010000,113660.500000,0.103000,113659.900000,1.292000,113659.800000,0.005000,113658.800000,0.004000,113666.000000,32.039000,113666.100000,0.791000,113666.200000,0.003000,113666.400000,0.003000,113666.500000,0.002000,113666.800000,0.019000,113667.300000,0.019000,113667.400000,0.012000,113667.600000,0.002000,113667.800000,6.598000
1758739059.9709418,171694082842,113665.900000,53.403000,113663.600000,0.001000,113661.600000,0.952000,113661.500000,0.053000,113661.400000,0.010000,113661.300000,0.001000,113661.000000,0.010000,113660.500000,0.103000,113659.900000,1.177000,113659.800000,0.005000,113666.000000,40.121000,113666.200000,0.003000,113666.400000,0.003000,113666.500000,0.002000,113666.800000,0.019000,113667.300000,0.019000,113667.400000,0.012000,113667.600000,0.002000,113668.900000,0.002000,113669.000000,0.012000
1758739060.231189,171694084674,113665.900000,53.572000,113665.800000,0.001000,113665.000000,0.012000,113663.600000,0.001000,113661.600000,0.952000,113661.500000,0.063000,113661.400000,0.010000,113661.300000,0.001000,113661.000000,0.010000,113660.500000,0.102000,113666.000000,39.720000,113666.200000,0.003000,113666.400000,0.003000,113666.500000,0.002000,113666.800000,0.019000,113667.300000,0.001000,113667.400000,0.012000,113667.600000,0.002000,113668.900000,0.002000,113669.000000,0.012000
1758739060.4216459,171694086203,113665.900000,52.923000,113665.800000,0.001000,113665.000000,0.012000,113663.600000,0.001000,113661.600000,0.952000,113661.500000,0.062000,113661.400000,0.010000,113661.300000,0.001000,113661.000000,0.025000,113660.500000,0.100000,113666.000000,39.718000,113666.200000,0.001000,113666.400000,0.003000,113666.500000,0.002000,113666.800000,0.019000,113667.300000,0.001000,113667.400000,0.012000,113667.600000,0.002000,113668.900000,0.002000,113669.000000,0.012000
1758739060.6923566,171694088211,113665.900000,52.928000,113665.800000,0.001000,113665.000000,0.012000,113663.600000,0.001000,113662.400000,0.001000,113661.600000,0.967000,113661.500000,0.063000,113661.400000,0.010000,113661.300000,0.011000,113661.000000,0.025000,113666.000000,39.706000,113666.200000,0.001000,113666.400000,0.003000,113666.500000,0.002000,113666.800000,0.019000,113667.300000,0.001000,113667.400000,0.012000,113667.600000,0.002000,113668.900000,0.002000,113669.000000,0.012000
1758739060.950104,171694089813,113665.900000,50.764000,113665.800000,0.001000,113665.000000,0.012000,113663.600000,0.001000,113662.400000,0.001000,113661.600000,0.966000,113661.500000,0.061000,113661.400000,0.010000,113661.300000,0.011000,113661.000000,0.035000,113666.000000,42.338000,113666.200000,0.001000,113666.400000,0.003000,113666.500000,0.002000,113666.800000,0.017000,113667.300000,0.001000,113667.600000,0.002000,113668.900000,0.002000,113669.000000,0.012000,113669.800000,0.012000
1758739061.2300394,171694091309,113665.900000,50.577000,113665.800000,0.004000,113665.000000,0.014000,113664.000000,0.002000,113663.600000,0.001000,113663.000000,0.002000,113662.400000,0.001000,113662.000000,0.002000,113661.600000,0.954000,113661.500000,0.061000,113666.000000,42.360000,113666.200000,0.001000,113666.400000,0.003000,113666.500000,0.002000,113666.800000,0.017000,113667.000000,0.002000,113667.300000,0.001000,113667.600000,0.002000,113668.000000,0.002000,113668.900000,0.002000
1758739061.482634,171694092616,113665.900000,50.597000,113665.800000,0.004000,113665.000000,0.014000,113664.000000,0.002000,113663.600000,0.001000,113663.000000,0.002000,113662.400000,0.001000,113662.000000,0.002000,113661.600000,0.954000,113661.500000,0.061000,113666.000000,42.379000,113666.200000,0.001000,113666.400000,0.003000,113666.500000,0.002000,113666.800000,0.017000,113667.000000,0.002000,113667.300000,0.001000,113667.600000,0.002000,113668.000000,0.002000,113668.900000,0.002000
1758739061.8665466,171694094243,113665.900000,50.635000,113665.800000,0.004000,113665.000000,0.014000,113664.000000,0.002000,113663.600000,0.001000,113663.000000,0.002000,113662.400000,0.001000,113662.000000,0.002000,113661.600000,0.954000,113661.500000,0.011000,113666.000000,38.389000,113666.200000,0.001000,113666.400000,0.003000,113666.500000,0.002000,113666.800000,0.017000,113667.000000,0.002000,113667.300000,0.001000,113667.600000,0.002000,113668.000000,0.002000,113668.900000,0.002000
1758739062.1028776,171694095414,113665.900000,46.635000,113665.800000,0.004000,113665.000000,0.014000,113664.000000,0.002000,113663.600000,0.001000,113663.000000,0.002000,113662.400000,0.001000,113662.000000,0.004000,113661.600000,0.954000,113661.500000,0.011000,113666.000000,38.389000,113666.200000,0.001000,113666.400000,0.003000,113666.500000,0.002000,113666.800000,0.017000,113667.000000,0.002000,113667.300000,0.001000,113667.600000,0.002000,113668.000000,0.002000,113668.900000,0.002000
1758739062.3927271,171694097706,113665.900000,46.620000,113665.800000,0.004000,113665.000000,0.014000,113664.000000,0.002000,113663.600000,0.001000,113663.000000,0.002000,113662.400000,0.011000,113662.000000,0.004000,113661.600000,0.954000,113661.500000,0.012000,113666.000000,38.389000,113666.200000,0.001000,113666.400000,0.003000,113666.500000,0.002000,113666.800000,0.017000,113667.000000,0.002000,113667.300000,0.001000,113667.600000,0.002000,113668.000000,0.002000,113669.000000,0.002000
1758739062.6689324,171694098908,113665.900000,46.610000,113665.800000,0.004000,113665.000000,0.014000,113664.000000,0.012000,113663.600000,0.001000,113663.000000,0.012000,113662.400000,0.011000,113662.000000,0.006000,113661.600000,0.954000,113661.500000,0.012000,113666.000000,38.379000,113666.200000,0.001000,113666.400000,0.003000,113666.500000,0.002000,113666.800000,0.017000,113667.000000,0.002000,113667.300000,0.001000,113667.600000,0.002000,113668.000000,0.012000,113669.000000,0.002000
1758739062.940977,171694101610,113665.900000,45.449000,113665.800000,0.002000,113665.000000,0.012000,113664.000000,0.017000,113663.600000,0.001000,113663.000000,0.012000,113662.400000,0.011000,113662.000000,0.006000,113661.600000,0.954000,113661.500000,0.012000,113666.000000,38.376000,113666.200000,0.001000,113666.400000,0.003000,113666.500000,0.012000,113666.800000,0.017000,113667.000000,0.002000,113667.300000,0.001000,113667.600000,0.002000,113668.000000,0.012000,113669.000000,0.002000
1758739063.2874749,171694103315,113665.900000,45.459000,113665.800000,0.002000,113665.000000,0.012000,113664.000000,0.017000,113663.600000,0.001000,113663.000000,0.022000,113662.400000,0.031000,113662.000000,0.006000,113661.600000,0.954000,113661.500000,0.002000,113666.000000,38.366000,113666.200000,0.001000,113666.400000,0.003000,113666.500000,0.012000,113666.800000,0.017000,113667.000000,0.002000,113667.300000,0.001000,113667.600000,0.002000,113668.000000,0.012000,113669.000000,0.002000
1758739063.5704672,171694105017,113665.900000,45.345000,113665.800000,0.002000,113665.000000,0.012000,113664.000000,0.017000,113663.600000,0.001000,113663.000000,0.022000,113662.400000,0.041000,113662.000000,0.006000,113661.600000,0.969000,113661.500000,0.001000,113666.000000,38.360000,113666.200000,0.001000,113666.400000,0.003000,113666.500000,0.012000,113666.800000,0.017000,113667.000000,0.002000,113667.300000,0.001000,113667.600000,0.002000,113668.000000,0.012000,113669.000000,0.002000
1758739063.9091928,171694106931,113665.900000,45.718000,113665.800000,0.004000,113665.000000,0.012000,113664.000000,0.027000,113663.600000,0.001000,113663.000000,0.022000,113662.400000,0.041000,113662.000000,0.006000,113661.600000,0.954000,113661.500000,0.001000,113666.000000,38.237000,113666.200000,0.001000,113666.400000,0.003000,113666.500000,0.012000,113666.800000,0.017000,113667.000000,0.002000,113667.300000,0.001000,113667.600000,0.002000,113668.000000,0.012000,113669.000000,0.002000
1758739064.201125,171694108848,113665.900000,45.386000,113665.800000,0.006000,113665.000000,0.012000,113664.000000,0.042000,113663.600000,0.011000,113663.000000,0.022000,113662.400000,0.041000,113662.000000,0.006000,113661.600000,0.954000,113661.500000,0.001000,113666.000000,38.092000,113666.200000,0.001000,113666.400000,0.003000,113666.500000,0.012000,113666.800000,0.017000,113667.000000,0.002000,113667.300000,0.001000,113667.600000,0.002000,113668.000000,0.012000,113669.000000,0.002000
1758739064.4623363,171694109986,113665.900000,45.257000,113665.800000,0.006000,113665.000000,0.012000,113664.000000,0.042000,113663.600000,0.011000,113663.000000,0.024000,113662.400000,0.041000,113662.000000,0.006000,113661.600000,0.954000,113661.500000,0.001000,113666.000000,38.131000,113666.200000,0.001000,113666.400000,0.003000,113666.500000,0.012000,113666.800000,0.017000,113667.000000,0.002000,113667.300000,0.001000,113667.600000,0.002000,113668.000000,0.012000,113669.000000,0.002000
1758739064.7493198,171694112033,113665.900000,45.258000,113665.800000,0.004000,113665.000000,0.012000,113664.000000,0.052000,113663.600000,0.011000,113663.000000,0.024000,113662.400000,0.041000,113662.000000,0.006000,113661.600000,0.954000,113661.500000,0.001000,113666.000000,37.831000,113666.200000,0.001000,113666.400000,0.003000,113666.500000,0.012000,113666.800000,0.017000,113667.000000,0.002000,113667.300000,0.001000,113667.600000,0.002000,113668.000000,0.012000,113668.900000,0.030000
1758739065.16588,171694113467,113665.900000,45.288000,113665.800000,0.006000,113665.000000,0.012000,113664.000000,0.052000,113663.600000,0.011000,113663.000000,0.024000,113662.400000,0.041000,113662.000000,0.004000,113661.600000,0.954000,113661.500000,0.001000,113666.000000,36.308000,113666.200000,0.001000,113666.400000,0.003000,113666.500000,0.012000,113666.800000,0.017000,113667.000000,0.002000,113667.300000,0.001000,113667.600000,0.002000,113668.000000,0.012000,113668.900000,0.030000
1758739065.366182,171694115010,113665.900000,45.288000,113665.800000,0.006000,113665.000000,0.012000,113664.000000,0.054000,113663.600000,0.011000,113663.000000,0.024000,113662.400000,0.041000,113662.000000,0.004000,113661.600000,0.954000,113661.000000,0.002000,113666.000000,36.293000,113666.200000,0.001000,113666.400000,0.003000,113666.500000,0.012000,113666.800000,0.017000,113667.000000,0.002000,113667.300000,0.001000,113667.600000,0.002000,113668.000000,0.012000,113668.900000,0.030000
1758739065.6370997,171694117020,113665.900000,45.288000,113665.800000,0.008000,113665.000000,0.012000,113664.000000,0.054000,113663.600000,0.011000,113663.000000,0.025000,113662.400000,0.031000,113662.000000,0.004000,113661.600000,0.954000,113661.000000,0.002000,113666.000000,36.275000,113666.200000,0.001000,113666.400000,0.003000,113666.500000,0.012000,113666.800000,0.017000,113667.000000,0.002000,113667.300000,0.001000,113667.600000,0.002000,113668.000000,0.012000,113668.900000,0.030000
1758739065.9381325,171694118534,113665.900000,45.292000,113665.800000,0.008000,113665.000000,0.012000,113664.000000,0.049000,113663.600000,0.011000,113663.000000,0.025000,113662.400000,0.031000,113662.000000,0.004000,113661.600000,0.954000,113661.000000,0.002000,113666.000000,36.275000,113666.200000,0.001000,113666.400000,0.003000,113666.500000,0.002000,113666.800000,0.017000,113667.000000,0.002000,113667.300000,0.001000,113667.600000,0.002000,113668.000000,0.012000,113668.900000,0.030000
1758739066.3723283,171694121019,113665.900000,45.233000,113665.800000,0.008000,113665.000000,0.017000,113664.000000,0.049000,113663.600000,0.011000,113663.000000,0.015000,113662.400000,0.021000,113662.000000,0.004000,113661.600000,0.954000,113661.000000,0.002000,113666.000000,36.275000,113666.200000,0.001000,113666.400000,0.003000,113666.500000,0.002000,113666.800000,0.017000,113667.000000,0.002000,113667.300000,0.001000,113667.400000,0.010000,113667.600000,0.002000,113668.000000,0.012000
1758739066.6337295,171694122712,113665.900000,45.273000,113665.800000,0.008000,113665.000000,0.027000,113664.000000,0.049000,113663.600000,0.011000,113663.000000,0.015000,113662.400000,0.010000,113662.000000,0.004000,113661.600000,0.969000,113661.000000,0.002000,113666.000000,36.271000,113666.200000,0.001000,113666.400000,0.003000,113666.500000,0.002000,113666.800000,0.017000,113667.000000,0.002000,113667.300000,0.001000,113667.400000,0.010000,113667.600000,0.002000,113668.000000,0.012000
1758739066.8902674,171694123987,113665.900000,45.273000,113665.800000,0.006000,113665.000000,0.027000,113664.000000,0.039000,113663.600000,0.013000,113663.000000,0.015000,113662.400000,0.010000,113662.000000,0.019000,113661.600000,0.969000,113661.000000,0.002000,113666.000000,36.271000,113666.200000,0.001000,113666.400000,0.003000,113666.500000,0.002000,113666.800000,0.017000,113667.000000,0.002000,113667.300000,0.001000,113667.400000,0.010000,113667.600000,0.002000,113668.000000,0.012000
1758739067.1536791,171694125439,113665.900000,44.999000,113665.800000,0.006000,113665.000000,0.027000,113664.000000,0.024000,113663.600000,0.023000,113663.000000,0.015000,113662.400000,0.010000,113662.000000,0.019000,113661.600000,0.969000,113661.000000,0.002000,113666.000000,36.271000,113666.200000,0.001000,113666.400000,0.003000,113666.500000,0.002000,113666.800000,0.017000,113667.000000,0.002000,113667.300000,0.001000,113667.400000,0.010000,113667.600000,0.002000,113668.000000,0.012000
1758739067.451803,171694126971,113665.900000,44.999000,113665.800000,0.006000,113665.000000,0.027000,113664.000000,0.024000,113663.600000,0.013000,113663.000000,0.013000,113662.400000,0.025000,113662.000000,0.019000,113661.600000,0.969000,113661.000000,0.002000,113666.000000,36.269000,113666.200000,0.001000,113666.400000,0.003000,113666.500000,0.002000,113666.800000,0.017000,113667.000000,0.002000,113667.300000,0.001000,113667.400000,0.010000,113667.600000,0.002000,113668.000000,0.012000
1758739067.728823,171694128625,113665.900000,44.428000,113665.800000,0.006000,113665.000000,0.037000,113664.000000,0.014000,113663.600000,0.013000,113663.000000,0.013000,113662.400000,0.027000,113662.000000,0.019000,113661.600000,0.969000,113661.000000,0.002000,113666.000000,36.259000,113666.200000,0.001000,113666.400000,0.003000,113666.500000,0.002000,113666.800000,0.017000,113667.000000,0.002000,113667.300000,0.001000,113667.400000,0.010000,113667.600000,0.002000,113668.000000,0.012000
1758739067.9995327,171694130145,113665.900000,44.435000,113665.800000,0.008000,113665.000000,0.037000,113664.000000,0.014000,113663.600000,0.013000,113663.000000,0.013000,113662.400000,0.027000,113662.000000,0.029000,113661.600000,0.969000,113661.000000,0.002000,113666.000000,36.193000,113666.200000,0.001000,113666.400000,0.003000,113666.500000,0.002000,113666.800000,0.017000,113667.000000,0.002000,113667.300000,0.001000,113667.400000,0.010000,113667.600000,0.002000,113668.000000,0.012000
1758739068.3322215,171694132000,113665.900000,44.465000,113665.800000,0.008000,113665.000000,0.037000,113664.000000,0.012000,113663.600000,0.013000,113663.000000,0.013000,113662.400000,0.027000,113662.000000,0.029000,113661.600000,0.969000,113661.000000,0.002000,113666.000000,36.183000,113666.200000,0.001000,113666.400000,0.003000,113666.500000,0.002000,113666.800000,0.017000,113667.000000,0.002000,113667.300000,0.001000,113667.400000,0.010000,113667.600000,0.002000,113668.000000,0.012000
1758739068.6096961,171694133442,113665.900000,44.465000,113665.800000,0.009000,113665.000000,0.037000,113664.000000,0.012000,113663.600000,0.013000,113663.000000,0.012000,113662.400000,0.027000,113662.000000,0.027000,113661.600000,0.971000,113661.000000,0.002000,113666.000000,36.174000,113666.200000,0.001000,113666.400000,0.003000,113666.500000,0.002000,113666.800000,0.017000,113667.000000,0.002000,113667.300000,0.001000,113667.400000,0.010000,113667.600000,0.002000,113668.000000,0.012000
1758739068.8810875,171694135245,113665.900000,44.435000,113665.800000,0.010000,113665.000000,0.037000,113664.000000,0.002000,113663.600000,0.013000,113663.000000,0.014000,113662.400000,0.027000,113662.000000,0.027000,113661.600000,0.972000,113661.000000,0.002000,113666.000000,36.115000,113666.200000,0.001000,113666.400000,0.003000,113666.500000,0.002000,113666.800000,0.017000,113667.000000,0.002000,113667.300000,0.001000,113667.400000,0.010000,113667.600000,0.002000,113668.000000,0.012000
1758739069.3307471,171694135624,113665.900000,44.435000,113665.800000,0.010000,113665.000000,0.037000,113664.000000,0.002000,113663.600000,0.013000,113663.000000,0.024000,113662.400000,0.027000,113662.000000,0.027000,113661.600000,0.972000,113661.000000,0.002000,113666.000000,36.115000,113666.200000,0.001000,113666.400000,0.003000,113666.500000,0.002000,113666.800000,0.017000,113667.000000,0.002000,113667.300000,0.001000,113667.400000,0.010000,113667.600000,0.002000,113668.000000,0.012000
1758739069.4538321,171694138213,113665.900000,44.435000,113665.800000,0.010000,113665.700000,0.029000,113665.000000,0.027000,113664.000000,0.002000,113663.600000,0.013000,113663.000000,0.024000,113662.400000,0.027000,113662.000000,0.027000,113661.600000,0.952000,113666.000000,36.115000,113666.200000,0.001000,113666.400000,0.003000,113666.500000,0.002000,113666.800000,0.017000,113667.000000,0.002000,113667.300000,0.001000,113667.400000,0.010000,113667.600000,0.002000,113668.000000,0.012000
1758739069.7309985,171694139663,113665.900000,44.435000,113665.800000,0.008000,113665.700000,0.029000,113665.000000,0.047000,113664.000000,0.012000,113663.600000,0.013000,113663.000000,0.024000,113662.400000,0.027000,113662.000000,0.012000,113661.600000,0.942000,113666.000000,36.000000,113666.200000,0.001000,113666.400000,0.003000,113666.500000,0.002000,113666.800000,0.017000,113667.000000,0.002000,113667.300000,0.001000,113667.400000,0.010000,113667.600000,0.002000,113668.000000,0.012000
1758739069.9963264,171694140887,113665.900000,44.426000,113665.800000,0.008000,113665.700000,0.029000,113665.000000,0.062000,113664.000000,0.012000,113663.600000,0.023000,113663.000000,0.024000,113662.400000,0.027000,113662.000000,0.012000,113661.600000,0.942000,113666.000000,35.842000,113666.200000,0.001000,113666.400000,0.003000,113666.500000,0.002000,113666.800000,0.017000,113667.000000,0.002000,113667.300000,0.001000,113667.400000,0.010000,113667.600000,0.002000,113668.000000,0.012000
1758739070.4786625,171694143754,113665.900000,44.421000,113665.800000,0.008000,113665.700000,0.029000,113665.000000,0.062000,113664.000000,0.012000,113663.600000,0.038000,113663.000000,0.024000,113662.400000,0.012000,113662.000000,0.012000,113661.600000,0.942000,113666.000000,34.342000,113666.200000,0.001000,113666.400000,0.003000,113666.500000,0.002000,113666.800000,0.017000,113667.000000,0.002000,113667.300000,0.001000,113667.400000,0.010000,113667.600000,0.002000,113668.000000,0.012000
1758739070.7669833,171694145343,113665.900000,44.421000,113665.800000,0.010000,113665.700000,0.029000,113665.000000,0.052000,113664.000000,0.012000,113663.600000,0.038000,113663.000000,0.034000,113662.400000,0.010000,113662.000000,0.012000,113661.600000,0.942000,113666.000000,34.325000,113666.200000,0.001000,113666.400000,0.003000,113666.500000,0.002000,113666.800000,0.017000,113667.000000,0.002000,113667.300000,0.001000,113667.400000,0.010000,113667.600000,0.002000,113668.000000,0.012000
1758739071.0273666,171694146852,113665.900000,44.344000,113665.800000,0.010000,113665.700000,0.039000,113665.000000,0.054000,113664.000000,0.012000,113663.600000,0.038000,113663.000000,0.034000,113662.400000,0.010000,113662.000000,0.002000,113661.600000,0.942000,113666.000000,34.322000,113666.200000,0.001000,113666.400000,0.003000,113666.500000,0.002000,113666.800000,0.017000,113667.000000,0.002000,113667.300000,0.001000,113667.400000,0.010000,113667.600000,0.002000,113668.000000,0.012000
1758739071.336255,171694148687,113665.900000,44.408000,113665.800000,0.010000,113665.700000,0.039000,113665.000000,0.054000,113664.000000,0.012000,113663.600000,0.038000,113663.000000,0.034000,113662.400000,0.010000,113662.000000,0.002000,113661.600000,0.942000,113666.000000,34.932000,113666.200000,0.001000,113666.400000,0.003000,113666.500000,0.002000,113666.800000,0.017000,113667.000000,0.002000,113667.300000,0.001000,113667.400000,0.010000,113667.600000,0.002000,113668.000000,0.012000
1758739071.6820424,171694150611,113665.900000,44.406000,113665.800000,0.010000,113665.700000,0.039000,113665.000000,0.054000,113664.000000,0.012000,113663.600000,0.038000,113663.000000,0.026000,113662.400000,0.010000,113662.000000,0.002000,113661.600000,0.940000,113666.000000,34.875000,113666.200000,0.001000,113666.400000,0.003000,113666.500000,0.002000,113666.800000,0.017000,113667.000000,0.002000,113667.300000,0.001000,113667.400000,0.010000,113667.600000,0.002000,113668.000000,0.002000
1758739071.9604185,171694152855,113665.900000,44.258000,113665.800000,0.010000,113665.700000,0.039000,113665.000000,0.044000,113664.000000,0.012000,113663.600000,0.038000,113663.000000,0.014000,113662.400000,0.010000,113662.000000,0.013000,113661.600000,0.939000,113666.000000,34.871000,113666.200000,0.001000,113666.400000,0.003000,113666.500000,0.002000,113666.800000,0.017000,113667.000000,0.002000,113667.300000,0.001000,113667.400000,0.010000,113667.600000,0.002000,113668.000000,0.002000
1758739072.2430792,171694154327,113665.900000,44.242000,113665.800000,0.010000,113665.700000,0.039000,113665.000000,0.039000,113664.000000,0.012000,113663.600000,0.048000,113663.000000,0.016000,113662.400000,0.010000,113662.000000,0.013000,113661.600000,0.939000,113666.000000,34.872000,113666.200000,0.001000,113666.400000,0.003000,113666.500000,0.002000,113666.800000,0.017000,113667.000000,0.002000,113667.300000,0.001000,113667.600000,0.002000,113668.000000,0.002000,113668.600000,0.010000
1758739072.5361125,171694155812,113665.900000,44.193000,113665.800000,0.009000,113665.700000,0.039000,113665.000000,0.049000,113664.000000,0.017000,113663.600000,0.048000,113663.000000,0.016000,113662.400000,0.010000,113662.000000,0.013000,113661.600000,0.939000,113666.000000,34.872000,113666.200000,0.001000,113666.400000,0.003000,113666.500000,0.002000,113666.600000,0.010000,113666.800000,0.017000,113667.000000,0.002000,113667.300000,0.001000,113667.600000,0.002000,113668.000000,0.002000
1758739072.818805,171694158367,113665.900000,44.193000,113665.800000,0.009000,113665.700000,0.039000,113665.000000,0.029000,113664.000000,0.007000,113663.600000,0.048000,113663.000000,0.016000,113662.400000,0.010000,113662.000000,0.013000,113661.600000,0.939000,113666.000000,34.768000,113666.200000,0.001000,113666.400000,0.003000,113666.500000,0.002000,113666.600000,0.010000,113666.800000,0.017000,113667.000000,0.002000,113667.300000,0.001000,113667.600000,0.002000,113668.000000,0.002000
1758739073.1118062,171694159653,113665.900000,44.263000,113665.800000,0.659000,113665.700000,0.049000,113665.000000,0.014000,113664.000000,0.007000,113663.600000,0.026000,113663.000000,0.036000,113662.400000,0.012000,113662.000000,0.013000,113661.600000,0.939000,113666.000000,34.808000,113666.200000,0.001000,113666.400000,0.003000,113666.500000,0.002000,113666.600000,0.010000,113666.800000,0.017000,113667.000000,0.002000,113667.300000,0.001000,113667.600000,0.002000,113668.000000,0.002000
1758739073.3622243,171694161264,113665.900000,44.231000,113665.800000,0.659000,113665.700000,0.049000,113665.000000,0.014000,113664.000000,0.007000,113663.600000,0.041000,113663.000000,0.046000,113662.400000,0.022000,113662.000000,0.013000,113661.600000,0.939000,113666.000000,34.809000,113666.200000,0.001000,113666.400000,0.003000,113666.500000,0.002000,113666.600000,0.010000,113666.800000,0.017000,113667.000000,0.002000,113667.300000,0.001000,113667.600000,0.002000,113668.000000,0.002000
1758739073.7429316,171694163411,113665.900000,44.217000,113665.800000,0.659000,113665.700000,0.064000,113665.000000,0.014000,113664.000000,0.007000,113663.600000,0.026000,113663.000000,0.046000,113662.400000,0.022000,113662.000000,0.013000,113661.600000,0.939000,113666.000000,34.813000,113666.200000,0.001000,113666.400000,0.003000,113666.500000,0.002000,113666.600000,0.010000,113666.800000,0.017000,113667.000000,0.002000,113667.300000,0.001000,113667.600000,0.002000,113668.000000,0.002000
1758739074.0407465,171694164952,113665.900000,44.204000,113665.800000,0.661000,113665.700000,0.064000,113665.000000,0.012000,113664.000000,0.017000,113663.600000,0.026000,113663.000000,0.036000,113662.400000,0.022000,113662.000000,0.013000,113661.600000,0.939000,113666.000000,34.813000,113666.200000,0.001000,113666.400000,0.003000,113666.500000,0.002000,113666.600000,0.010000,113666.800000,0.017000,113667.000000,0.002000,113667.300000,0.001000,113667.600000,0.002000,113668.000000,0.002000
1758739074.2722516,171694166150,113665.900000,44.204000,113665.800000,0.661000,113665.700000,0.054000,113665.000000,0.012000,113664.000000,0.017000,113663.600000,0.036000,113663.000000,0.036000,113662.400000,0.024000,113662.000000,0.013000,113661.600000,0.939000,113666.000000,34.813000,113666.200000,0.001000,113666.400000,0.003000,113666.500000,0.002000,113666.600000,0.010000,113666.800000,0.017000,113667.000000,0.002000,113667.300000,0.001000,113667.600000,0.002000,113668.000000,0.002000
1758739074.570833,171694167392,113665.900000,43.949000,113665.800000,0.662000,113665.700000,0.054000,113665.000000,0.012000,113664.000000,0.017000,113663.600000,0.036000,113663.000000,0.036000,113662.400000,0.024000,113662.000000,0.013000,113661.600000,0.939000,113666.000000,34.800000,113666.200000,0.001000,113666.400000,0.003000,113666.500000,0.002000,113666.600000,0.010000,113666.800000,0.017000,113667.000000,0.002000,113667.300000,0.001000,113667.600000,0.002000,113668.000000,0.002000
1758739074.8783896,171694169071,113665.900000,43.848000,113665.800000,0.662000,113665.700000,0.054000,113665.000000,0.012000,113664.000000,0.017000,113663.600000,0.036000,113663.000000,0.034000,113662.400000,0.024000,113662.000000,0.003000,113661.600000,0.939000,113666.000000,34.753000,113666.200000,0.001000,113666.400000,0.003000,113666.500000,0.002000,113666.600000,0.010000,113666.800000,0.017000,113667.000000,0.002000,113667.300000,0.001000,113667.600000,0.002000,113668.000000,0.002000
1758739075.222947,171694170096,113665.900000,43.903000,113665.800000,0.662000,113665.700000,0.064000,113665.000000,0.012000,113664.000000,0.017000,113663.600000,0.036000,113663.000000,0.032000,113662.400000,0.026000,113662.000000,0.002000,113661.600000,0.939000,113666.000000,34.696000,113666.200000,0.001000,113666.400000,0.003000,113666.500000,0.002000,113666.600000,0.010000,113666.800000,0.017000,113667.000000,0.002000,113667.300000,0.001000,113667.400000,0.010000,113667.600000,0.002000
1758739075.5097528,171694171643,113665.900000,43.903000,113665.800000,0.660000,113665.700000,0.064000,113665.000000,0.012000,113664.000000,0.019000,113663.600000,0.026000,113663.000000,0.032000,113662.400000,0.027000,113662.000000,0.002000,113661.600000,0.939000,113666.000000,30.018000,113666.200000,0.001000,113666.400000,0.003000,113666.500000,0.002000,113666.600000,0.010000,113666.800000,0.017000,113667.000000,0.002000,113667.300000,0.001000,113667.400000,0.010000,113667.600000,0.002000
1758739075.6648326,171694173221,113665.900000,43.903000,113665.800000,0.660000,113665.700000,0.064000,113665.000000,0.002000,113664.000000,0.014000,113663.600000,0.026000,113663.000000,0.047000,113662.400000,0.027000,113662.000000,0.012000,113661.600000,0.939000,113666.000000,30.018000,113666.200000,0.001000,113666.400000,0.003000,113666.500000,0.002000,113666.800000,0.017000,113667.000000,0.002000,113667.300000,0.001000,113667.400000,0.010000,113667.500000,0.010000,113667.600000,0.002000
1758739076.1191833,171694175585,113665.900000,43.869000,113665.800000,0.660000,113665.700000,0.054000,113665.000000,0.002000,113664.000000,0.014000,113663.600000,0.026000,113663.000000,0.027000,113662.400000,0.025000,113662.000000,0.012000,113661.600000,0.939000,113666.000000,29.843000,113666.200000,0.001000,113666.400000,0.003000,113666.500000,0.002000,113666.800000,0.017000,113667.000000,0.002000,113667.300000,0.001000,113667.400000,0.010000,113667.500000,0.010000,113667.600000,0.002000
1758739076.3706276,171694176993,113665.900000,43.855000,113665.800000,0.662000,113665.700000,0.054000,113665.000000,0.012000,113664.000000,0.036000,113663.600000,0.011000,113663.000000,0.017000,113662.400000,0.025000,113662.000000,0.012000,113661.600000,0.939000,113666.000000,29.843000,113666.200000,0.001000,113666.400000,0.003000,113666.500000,0.002000,113666.800000,0.017000,113667.000000,0.002000,113667.300000,0.001000,113667.400000,0.010000,113667.500000,0.010000,113667.600000,0.002000
1758739076.6436148,171694177728,113665.900000,43.855000,113665.800000,0.662000,113665.700000,0.069000,113665.000000,0.012000,113664.000000,0.036000,113663.600000,0.021000,113663.000000,0.017000,113662.400000,0.025000,113662.000000,0.012000,113661.600000,0.939000,113666.000000,29.843000,113666.200000,0.001000,113666.400000,0.003000,113666.500000,0.002000,113666.800000,0.017000,113667.000000,0.002000,113667.300000,0.001000,113667.400000,0.010000,113667.500000,0.010000,113667.600000,0.002000
1758739076.9500005,171694179799,113665.900000,43.855000,113665.800000,0.662000,113665.700000,0.069000,113665.000000,0.012000,113664.000000,0.036000,113663.600000,0.021000,113663.000000,0.017000,113662.400000,0.025000,113662.000000,0.012000,113661.600000,0.939000,113666.000000,29.817000,113666.200000,0.001000,113666.400000,0.003000,113666.500000,0.002000,113666.800000,0.017000,113667.000000,0.002000,113667.300000,0.001000,113667.400000,0.010000,113667.500000,0.010000,113667.600000,0.002000
1758739077.2517605,171694181841,113665.900000,43.857000,113665.800000,0.662000,113665.700000,0.069000,113665.000000,0.012000,113664.000000,0.036000,113663.600000,0.021000,113663.000000,0.017000,113662.400000,0.023000,113662.000000,0.012000,113661.600000,0.939000,113666.000000,29.816000,113666.200000,0.001000,113666.400000,0.003000,113666.500000,0.002000,113666.800000,0.017000,113667.000000,0.002000,113667.300000,0.001000,113667.400000,0.010000,113667.500000,0.010000,113667.600000,0.002000
1758739077.52466,171694184241,113665.900000,43.857000,113665.800000,0.662000,113665.700000,0.071000,113665.000000,0.012000,113664.000000,0.036000,113663.600000,0.011000,113663.000000,0.017000,113662.400000,0.023000,113662.000000,0.022000,113661.600000,0.939000,113666.000000,29.806000,113666.200000,0.001000,113666.400000,0.003000,113666.500000,0.002000,113666.800000,0.017000,113667.000000,0.002000,113667.300000,0.001000,113667.400000,0.010000,113667.500000,0.010000,113667.600000,0.002000
1758739077.8486207,171694185921,113665.900000,43.857000,113665.800000,0.662000,113665.700000,0.071000,113665.400000,0.010000,113665.000000,0.012000,113664.000000,0.036000,113663.600000,0.011000,113663.000000,0.017000,113662.400000,0.023000,113662.000000,0.022000,113666.000000,29.806000,113666.200000,0.001000,113666.400000,0.003000,113666.500000,0.002000,113666.800000,0.017000,113667.000000,0.002000,113667.300000,0.001000,113667.400000,0.010000,113667.500000,0.010000,113667.600000,0.002000
1758739078.1997457,171694187609,113665.900000,44.139000,113665.800000,0.660000,113665.700000,0.061000,113665.400000,0.010000,113665.000000,0.012000,113664.000000,0.036000,113663.600000,0.013000,113663.000000,0.017000,113662.400000,0.021000,113662.000000,0.022000,113666.000000,29.806000,113666.200000,0.001000,113666.400000,0.003000,113666.500000,0.002000,113666.800000,0.017000,113667.000000,0.002000,113667.300000,0.001000,113667.500000,0.010000,113667.600000,0.002000,113668.000000,0.002000
1758739078.4575286,171694189454,113665.900000,44.397000,113665.800000,0.660000,113665.700000,0.061000,113665.400000,0.013000,113665.000000,0.012000,113664.000000,0.034000,113663.600000,0.023000,113663.000000,0.007000,113662.400000,0.010000,113662.000000,0.022000,113666.000000,29.806000,113666.200000,0.001000,113666.400000,0.003000,113666.500000,0.002000,113666.800000,0.017000,113667.000000,0.002000,113667.300000,0.001000,113667.500000,0.010000,113667.600000,0.002000,113668.000000,0.012000
1758739078.7541459,171694191155,113665.900000,44.518000,113665.800000,0.662000,113665.700000,0.061000,113665.400000,0.023000,113665.000000,0.022000,113664.000000,0.034000,113663.600000,0.023000,113663.000000,0.002000,113662.400000,0.010000,113662.000000,0.012000,113666.000000,29.800000,113666.200000,0.001000,113666.400000,0.003000,113666.500000,0.002000,113666.800000,0.017000,113667.000000,0.002000,113667.300000,0.001000,113667.600000,0.002000,113668.000000,0.012000,113669.000000,0.002000
1758739079.0420258,171694191944,113665.900000,44.519000,113665.800000,0.662000,113665.700000,0.061000,113665.400000,0.033000,113665.000000,0.022000,113664.000000,0.034000,113663.600000,0.023000,113663.000000,0.007000,113662.400000,0.010000,113662.000000,0.012000,113666.000000,29.701000,113666.200000,0.001000,113666.400000,0.003000,113666.500000,0.002000,113666.600000,0.010000,113666.800000,0.017000,113667.000000,0.002000,113667.300000,0.001000,113667.600000,0.002000,113668.000000,0.012000
1758739079.2923293,171694193718,113665.900000,44.513000,113665.800000,0.662000,113665.700000,0.061000,113665.400000,0.033000,113665.000000,0.022000,113664.000000,0.014000,113663.600000,0.023000,113663.000000,0.007000,113662.000000,0.012000,113661.600000,0.939000,113666.000000,29.701000,113666.200000,0.001000,113666.400000,0.003000,113666.500000,0.002000,113666.600000,0.010000,113666.800000,0.017000,113667.000000,0.002000,113667.300000,0.001000,113667.600000,0.002000,113668.000000,0.012000
1758739079.564321,171694195680,113665.900000,44.473000,113665.800000,0.662000,113665.700000,0.066000,113665.400000,0.033000,113665.000000,0.022000,113664.000000,0.012000,113663.600000,0.013000,113663.000000,0.007000,113662.400000,0.002000,113662.000000,0.012000,113666.000000,29.661000,113666.200000,0.001000,113666.400000,0.003000,113666.500000,0.002000,113666.600000,0.010000,113666.800000,0.017000,113667.000000,0.002000,113667.300000,0.001000,113667.600000,0.002000,113668.000000,0.012000
1758739079.8588216,171694197075,113665.900000,44.473000,113665.800000,0.662000,113665.700000,0.061000,113665.400000,0.033000,113665.000000,0.032000,113664.000000,0.012000,113663.600000,0.028000,113663.000000,0.007000,113662.400000,0.002000,113662.000000,0.012000,113666.000000,29.557000,113666.200000,0.001000,113666.400000,0.003000,113666.500000,0.002000,113666.600000,0.010000,113666.800000,0.017000,113667.000000,0.002000,113667.300000,0.001000,113667.600000,0.002000,113668.000000,0.012000
1758739080.2111225,171694198001,113665.900000,44.473000,113665.800000,0.660000,113665.700000,0.061000,113665.400000,0.033000,113665.000000,0.032000,113664.000000,0.012000,113663.600000,0.028000,113663.000000,0.022000,113662.400000,0.002000,113662.000000,0.012000,113666.000000,29.557000,113666.200000,0.001000,113666.400000,0.003000,113666.500000,0.002000,113666.600000,0.010000,113666.800000,0.017000,113667.000000,0.002000,113667.300000,0.001000,113667.600000,0.002000,113668.000000,0.012000
1758739080.4974308,171694201019,113665.900000,44.471000,113665.800000,0.660000,113665.700000,0.059000,113665.400000,0.043000,113665.000000,0.032000,113664.000000,0.002000,113663.600000,0.028000,113663.000000,0.022000,113662.400000,0.002000,113662.000000,0.012000,113666.000000,29.547000,113666.200000,0.001000,113666.400000,0.003000,113666.500000,0.002000,113666.600000,0.010000,113666.800000,0.017000,113667.000000,0.002000,113667.300000,0.001000,113667.600000,0.002000,113668.000000,0.012000
1758739080.7631085,171694202260,113665.900000,44.560000,113665.800000,0.660000,113665.700000,0.059000,113665.400000,0.043000,113665.000000,0.032000,113664.000000,0.002000,113663.600000,0.030000,113663.000000,0.032000,113662.400000,0.002000,113662.000000,0.002000,113666.000000,29.544000,113666.200000,0.001000,113666.400000,0.003000,113666.500000,0.002000,113666.600000,0.010000,113666.800000,0.017000,113667.000000,0.002000,113667.300000,0.001000,113667.600000,0.002000,113668.000000,0.012000
1758739081.054779,171694203048,113665.900000,44.475000,113665.800000,0.660000,113665.700000,0.059000,113665.400000,0.043000,113665.000000,0.032000,113664.000000,0.002000,113663.600000,0.030000,113663.000000,0.032000,113662.400000,0.002000,113662.000000,0.002000,113666.000000,29.544000,113666.200000,0.001000,113666.400000,0.003000,113666.500000,0.002000,113666.600000,0.010000,113666.800000,0.017000,113667.000000,0.002000,113667.300000,0.001000,113667.600000,0.002000,113668.000000,0.012000
1758739081.3224878,171694204719,113665.900000,44.138000,113665.800000,0.662000,113665.700000,0.059000,113665.400000,0.043000,113665.000000,0.032000,113664.000000,0.002000,113663.600000,0.030000,113663.000000,0.032000,113662.400000,0.002000,113662.000000,0.002000,113666.000000,22.240000,113666.200000,0.001000,113666.400000,0.003000,113666.500000,0.002000,113666.600000,0.010000,113666.800000,0.017000,113667.000000,0.002000,113667.300000,0.001000,113667.600000,0.002000,113668.000000,0.012000
1758739081.58411,171694207595,113665.900000,44.135000,113665.800000,0.662000,113665.700000,0.059000,113665.400000,0.050000,113665.000000,0.032000,113664.000000,0.002000,113663.600000,0.020000,113663.000000,0.032000,113662.400000,0.002000,113662.000000,0.002000,113666.000000,21.665000,113666.200000,0.001000,113666.400000,0.003000,113666.500000,0.002000,113666.600000,0.010000,113666.800000,0.017000,113667.000000,0.002000,113667.300000,0.001000,113667.600000,0.002000,113667.700000,0.010000
1758739081.8991046,171694210356,113665.900000,44.058000,113665.800000,0.662000,113665.700000,0.059000,113665.400000,0.040000,113665.000000,0.033000,113664.000000,0.002000,113663.600000,0.020000,113663.000000,0.034000,113662.400000,0.002000,113662.000000,0.002000,113666.000000,21.665000,113666.200000,0.001000,113666.400000,0.003000,113666.500000,0.002000,113666.600000,0.010000,113666.800000,0.017000,113667.000000,0.002000,113667.300000,0.001000,113667.600000,0.002000,113667.700000,0.010000
1758739082.1687148,171694212363,113665.900000,44.077000,113665.800000,0.662000,113665.700000,0.064000,113665.400000,0.040000,113665.000000,0.033000,113664.000000,0.002000,113663.600000,0.030000,113663.000000,0.029000,113662.400000,0.002000,113662.000000,0.002000,113666.000000,21.665000,113666.200000,0.001000,113666.400000,0.003000,113666.500000,0.002000,113666.800000,0.017000,113667.000000,0.002000,113667.300000,0.011000,113667.600000,0.002000,113667.700000,0.010000,113668.000000,0.002000
1758739082.4239452,171694214010,113665.900000,43.950000,113665.800000,0.667000,113665.700000,0.064000,113665.400000,0.040000,113665.000000,0.023000,113664.000000,0.002000,113663.600000,0.030000,113663.000000,0.029000,113662.400000,0.002000,113662.000000,0.002000,113666.000000,21.665000,113666.200000,0.001000,113666.400000,0.003000,113666.500000,0.002000,113666.800000,0.017000,113667.000000,0.002000,113667.300000,0.011000,113667.600000,0.002000,113667.700000,0.010000,113668.000000,0.002000
1758739082.7178898,171694216142,113665.900000,44.055000,113665.800000,0.667000,113665.700000,0.044000,113665.400000,0.040000,113665.000000,0.043000,113664.000000,0.002000,113663.600000,0.025000,113663.000000,0.029000,113662.000000,0.002000,113661.600000,0.939000,113666.000000,21.659000,113666.200000,0.001000,113666.400000,0.003000,113666.500000,0.002000,113666.800000,0.017000,113667.000000,0.002000,113667.300000,0.011000,113667.600000,0.002000,113667.700000,0.010000,113668.000000,0.002000
1758739082.9929469,171694217682,113665.900000,44.055000,113665.800000,0.667000,113665.700000,0.034000,113665.400000,0.040000,113665.000000,0.043000,113664.000000,0.002000,113663.600000,0.040000,113663.000000,0.040000,113662.000000,0.002000,113661.600000,0.939000,113666.000000,21.615000,113666.200000,0.001000,113666.400000,0.003000,113666.500000,0.002000,113666.800000,0.017000,113667.000000,0.002000,113667.300000,0.011000,113667.600000,0.002000,113667.700000,0.010000,113668.000000,0.002000
1758739083.251674,171694219549,113665.900000,44.055000,113665.800000,0.665000,113665.700000,0.034000,113665.400000,0.040000,113665.000000,0.043000,113664.000000,0.017000,113663.600000,0.040000,113663.000000,0.025000,113662.000000,0.002000,113661.600000,0.939000,113666.000000,21.615000,113666.200000,0.001000,113666.400000,0.003000,113666.500000,0.002000,113666.800000,0.017000,113667.000000,0.002000,113667.300000,0.011000,113667.600000,0.002000,113667.700000,0.010000,113668.000000,0.002000
1758739083.6037526,171694222004,113665.900000,44.007000,113665.800000,0.665000,113665.700000,0.034000,113665.400000,0.030000,113665.000000,0.043000,113664.000000,0.017000,113663.600000,0.040000,113663.000000,0.025000,113662.000000,0.002000,113661.600000,0.939000,113666.000000,21.605000,113666.200000,0.001000,113666.400000,0.003000,113666.500000,0.002000,113666.800000,0.017000,113667.000000,0.002000,113667.300000,0.011000,113667.600000,0.002000,113667.700000,0.010000,113668.000000,0.002000
1758739083.9206657,171694224416,113665.900000,44.027000,113665.800000,0.665000,113665.700000,0.044000,113665.400000,0.030000,113665.000000,0.043000,113664.000000,0.018000,113663.600000,0.038000,113663.000000,0.015000,113662.000000,0.002000,113661.600000,0.939000,113666.000000,28.899000,113666.200000,0.001000,113666.400000,0.003000,113666.500000,0.002000,113666.800000,0.017000,113667.000000,0.002000,113667.300000,0.011000,113667.600000,0.002000,113667.700000,0.010000,113668.000000,0.002000
1758739084.2659962,171694226646,113665.900000,44.027000,113665.800000,0.667000,113665.700000,0.044000,113665.400000,0.030000,113665.000000,0.043000,113664.000000,0.018000,113663.600000,0.046000,113663.000000,0.015000,113662.000000,0.002000,113661.600000,0.939000,113666.000000,29.252000,113666.200000,0.001000,113666.400000,0.003000,113666.500000,0.002000,113666.800000,0.017000,113667.000000,0.002000,113667.300000,0.011000,113667.600000,0.002000,113667.700000,0.010000,113668.000000,0.002000
1758739084.6114178,171694229157,113665.900000,44.027000,113665.800000,0.667000,113665.700000,0.044000,113665.400000,0.020000,113665.000000,0.043000,113664.000000,0.019000,113663.600000,0.046000,113663.000000,0.015000,113662.000000,0.002000,113661.600000,0.939000,113666.000000,29.252000,113666.200000,0.001000,113666.400000,0.003000,113666.500000,0.002000,113666.800000,0.017000,113667.000000,0.002000,113667.300000,0.011000,113667.600000,0.002000,113668.000000,0.002000,113668.900000,0.030000
1758739084.9100695,171694231207,113665.900000,43.942000,113665.800000,0.665000,113665.700000,0.044000,113665.400000,0.020000,113665.000000,0.032000,113664.000000,0.019000,113663.600000,0.046000,113663.000000,0.023000,113662.000000,0.002000,113661.600000,0.939000,113666.000000,29.252000,113666.200000,0.001000,113666.400000,0.003000,113666.500000,0.002000,113666.800000,0.017000,113667.000000,0.002000,113667.300000,0.011000,113667.600000,0.002000,113668.000000,0.002000,113668.900000,0.030000
1758739085.1778998,171694232739,113665.900000,43.942000,113665.800000,0.665000,113665.700000,0.039000,113665.400000,0.013000,113665.000000,0.032000,113664.000000,0.039000,113663.600000,0.046000,113663.000000,0.023000,113662.000000,0.002000,113661.600000,0.939000,113666.000000,29.252000,113666.200000,0.001000,113666.400000,0.003000,113666.500000,0.002000,113666.800000,0.017000,113667.000000,0.002000,113667.300000,0.011000,113667.600000,0.002000,113668.000000,0.002000,113668.900000,0.030000
1758739085.4598205,171694234442,113665.900000,43.942000,113665.800000,0.665000,113665.700000,0.049000,113665.400000,0.018000,113665.000000,0.032000,113664.000000,0.039000,113663.600000,0.036000,113663.000000,0.023000,113662.000000,0.002000,113661.600000,0.939000,113666.000000,28.916000,113666.200000,0.001000,113666.400000,0.003000,113666.500000,0.002000,113666.800000,0.017000,113667.000000,0.002000,113667.300000,0.001000,113667.600000,0.002000,113668.000000,0.012000,113668.900000,0.030000
1758739085.9187577,171694237303,113665.900000,44.022000,113665.800000,0.665000,113665.700000,0.049000,113665.400000,0.018000,113665.000000,0.002000,113664.800000,0.002000,113664.000000,0.049000,113663.600000,0.026000,113663.000000,0.022000,113662.000000,0.012000,113666.000000,28.995000,113666.200000,0.001000,113666.400000,0.003000,113666.500000,0.002000,113666.800000,0.017000,113667.000000,0.002000,113667.300000,0.001000,113667.600000,0.002000,113668.000000,0.012000,113668.900000,0.030000
1758739086.1814196,171694239255,113665.900000,43.904000,113665.800000,0.667000,113665.700000,0.064000,113665.400000,0.020000,113665.000000,0.002000,113664.800000,0.002000,113664.000000,0.049000,113663.600000,0.011000,113663.000000,0.032000,113662.000000,0.012000,113666.000000,28.995000,113666.200000,0.001000,113666.400000,0.003000,113666.500000,0.002000,113666.800000,0.017000,113667.000000,0.002000,113667.300000,0.001000,113667.600000,0.002000,113668.000000,0.012000,113668.900000,0.030000
1758739086.4751077,171694241272,113665.900000,44.019000,113665.800000,0.667000,113665.700000,0.074000,113665.400000,0.020000,113665.000000,0.017000,113664.800000,0.002000,113664.000000,0.034000,113663.600000,0.011000,113663.000000,0.032000,113662.000000,0.012000,113666.000000,28.993000,113666.200000,0.001000,113666.400000,0.003000,113666.500000,0.002000,113666.800000,0.017000,113667.000000,0.002000,113667.300000,0.001000,113667.600000,0.002000,113668.000000,0.012000,113668.900000,0.030000
1758739086.7632158,171694242888,113665.900000,44.019000,113665.800000,0.667000,113665.700000,0.064000,113665.400000,0.020000,113665.000000,0.017000,113664.800000,0.002000,113664.000000,0.034000,113663.600000,0.011000,113663.000000,0.032000,113662.000000,0.012000,113666.000000,28.984000,113666.200000,0.001000,113666.400000,0.003000,113666.500000,0.002000,113666.800000,0.017000,113667.000000,0.002000,113667.300000,0.001000,113667.600000,0.002000,113668.000000,0.012000,113668.900000,0.030000
1758739087.0188375,171694244516,113665.900000,44.006000,113665.800000,0.667000,113665.700000,0.064000,113665.400000,0.030000,113665.000000,0.017000,113664.800000,0.002000,113664.000000,0.033000,113663.600000,0.011000,113663.000000,0.032000,113662.000000,0.012000,113666.000000,28.984000,113666.200000,0.001000,113666.400000,0.003000,113666.500000,0.002000,113666.800000,0.017000,113667.000000,0.002000,113667.300000,0.001000,113667.600000,0.002000,113668.000000,0.012000,113668.900000,0.030000
1758739087.2978232,171694246768,113665.900000,44.036000,113665.800000,0.665000,113665.700000,0.064000,113665.400000,0.032000,113665.000000,0.017000,113664.800000,0.012000,113664.000000,0.033000,113663.600000,0.001000,113663.000000,0.032000,113662.000000,0.012000,113666.000000,28.919000,113666.200000,0.001000,113666.400000,0.003000,113666.500000,0.002000,113666.800000,0.017000,113667.000000,0.002000,113667.300000,0.001000,113667.600000,0.002000,113668.000000,0.012000,113669.000000,0.265000
1758739087.569868,171694249185,113665.900000,44.036000,113665.800000,0.665000,113665.700000,0.064000,113665.400000,0.032000,113665.000000,0.017000,113664.800000,0.012000,113664.000000,0.032000,113663.600000,0.001000,113663.000000,0.032000,113662.000000,0.012000,113666.000000,28.837000,113666.200000,0.001000,113666.400000,0.003000,113666.500000,0.002000,113666.800000,0.017000,113667.000000,0.002000,113667.300000,0.001000,113667.600000,0.002000,113668.000000,0.012000,113669.000000,0.265000
1758739087.8426008,171694251491,113665.900000,44.036000,113665.800000,0.665000,113665.700000,0.064000,113665.400000,0.034000,113665.000000,0.017000,113664.800000,0.012000,113664.000000,0.032000,113663.600000,0.001000,113663.000000,0.022000,113662.000000,0.012000,113666.000000,28.819000,113666.200000,0.001000,113666.400000,0.003000,113666.500000,0.002000,113666.800000,0.017000,113667.000000,0.002000,113667.300000,0.001000,113667.600000,0.002000,113668.000000,0.012000,113669.000000,0.265000
1758739088.1457832,171694253720,113665.900000,43.714000,113665.800000,0.665000,113665.700000,0.064000,113665.400000,0.031000,113665.000000,0.017000,113664.800000,0.012000,113664.000000,0.022000,113663.600000,0.011000,113663.000000,0.022000,113662.000000,0.012000,113666.000000,28.779000,113666.200000,0.001000,113666.400000,0.003000,113666.500000,0.002000,113666.800000,0.017000,113667.000000,0.002000,113667.300000,0.001000,113667.600000,0.002000,113668.000000,0.012000,113669.000000,0.265000
1758739088.419711,171694255247,113665.900000,43.654000,113665.800000,0.667000,113665.700000,0.064000,113665.400000,0.026000,113665.000000,0.017000,113664.800000,0.012000,113664.000000,0.025000,113663.600000,0.011000,113663.000000,0.032000,113662.000000,0.012000,113666.000000,28.779000,113666.200000,0.001000,113666.400000,0.003000,113666.500000,0.002000,113666.800000,0.017000,113667.000000,0.002000,113667.300000,0.001000,113667.600000,0.002000,113668.000000,0.012000,113669.000000,0.265000
1758739088.7027533,171694257120,113665.900000,43.651000,113665.800000,0.667000,113665.700000,0.059000,113665.400000,0.026000,113665.000000,0.017000,113664.800000,0.022000,113664.000000,0.025000,113663.600000,0.011000,113663.000000,0.032000,113662.000000,0.012000,113666.000000,28.779000,113666.200000,0.001000,113666.400000,0.003000,113666.500000,0.002000,113666.800000,0.017000,113667.000000,0.002000,113667.300000,0.001000,113667.600000,0.002000,113668.000000,0.002000,113668.700000,0.010000
1758739089.04019,171694258785,113665.900000,39.981000,113665.800000,0.667000,113665.700000,0.059000,113665.400000,0.026000,113665.000000,0.017000,113664.800000,0.022000,113664.000000,0.015000,113663.600000,0.011000,113663.000000,0.012000,113662.000000,0.002000,113666.000000,24.779000,113666.200000,0.001000,113666.400000,0.003000,113666.500000,0.002000,113666.800000,0.017000,113667.000000,0.002000,113667.300000,0.001000,113667.600000,0.002000,113668.000000,0.002000,113668.700000,0.010000
1758739089.3071966,171694260804,113665.900000,39.630000,113665.800000,0.665000,113665.700000,0.044000,113665.400000,0.024000,113665.000000,0.027000,113664.800000,0.042000,113664.000000,0.015000,113663.600000,0.011000,113663.000000,0.012000,113662.000000,0.002000,113666.000000,24.778000,113666.200000,0.001000,113666.400000,0.003000,113666.500000,0.002000,113666.800000,0.017000,113667.000000,0.002000,113667.300000,0.001000,113667.600000,0.002000,113668.000000,0.002000,113668.700000,0.010000
1758739089.56096,171694262046,113665.900000,39.660000,113665.800000,0.665000,113665.700000,0.046000,113665.400000,0.034000,113665.000000,0.012000,113664.800000,0.042000,113664.000000,0.015000,113663.600000,0.011000,113663.000000,0.027000,113662.000000,0.002000,113666.000000,24.632000,113666.200000,0.001000,113666.400000,0.003000,113666.500000,0.002000,113666.800000,0.017000,113667.000000,0.002000,113667.300000,0.001000,113667.600000,0.002000,113668.000000,0.002000,113668.700000,0.010000
1758739089.9550977,171694264499,113665.900000,39.537000,113665.800000,0.667000,113665.700000,0.046000,113665.400000,0.034000,113665.000000,0.012000,113664.800000,0.042000,113664.000000,0.015000,113663.600000,0.026000,113663.000000,0.027000,113662.000000,0.002000,113666.000000,24.632000,113666.200000,0.001000,113666.400000,0.003000,113666.500000,0.002000,113666.800000,0.017000,113667.000000,0.002000,113667.300000,0.001000,113667.600000,0.002000,113668.000000,0.002000,113668.700000,0.010000
1758739090.2624426,171694265872,113665.900000,39.655000,113665.800000,0.667000,113665.700000,0.046000,113665.400000,0.022000,113665.000000,0.012000,113664.800000,0.052000,113664.000000,0.015000,113663.600000,0.026000,113663.000000,0.027000,113662.000000,0.002000,113666.000000,24.630000,113666.200000,0.001000,113666.400000,0.003000,113666.500000,0.002000,113666.800000,0.017000,113667.000000,0.002000,113667.300000,0.001000,113667.600000,0.002000,113668.000000,0.002000,113668.700000,0.010000
1758739090.5529134,171694267777,113665.900000,39.652000,113665.800000,0.667000,113665.700000,0.046000,113665.400000,0.022000,113665.000000,0.012000,113664.800000,0.044000,113664.000000,0.015000,113663.600000,0.026000,113663.000000,0.037000,113662.000000,0.002000,113666.000000,24.630000,113666.200000,0.001000,113666.400000,0.003000,113666.500000,0.002000,113666.800000,0.017000,113667.000000,0.002000,113667.300000,0.001000,113667.600000,0.002000,113668.000000,0.002000,113668.700000,0.010000
1758739090.8740396,171694269535,113665.900000,39.641000,113665.800000,0.667000,113665.700000,0.046000,113665.400000,0.020000,113665.000000,0.012000,113664.800000,0.044000,113664.000000,0.015000,113663.600000,0.026000,113663.000000,0.037000,113662.000000,0.002000,113666.000000,24.503000,113666.200000,0.001000,113666.400000,0.003000,113666.500000,0.002000,113666.800000,0.017000,113667.000000,0.002000,113667.300000,0.001000,113667.600000,0.002000,113668.000000,0.002000,113668.700000,0.010000
1758739091.1474848,171694271567,113665.900000,39.429000,113665.800000,0.665000,113665.700000,0.046000,113665.400000,0.020000,113665.000000,0.012000,113664.800000,0.046000,113664.000000,0.015000,113663.600000,0.026000,113663.000000,0.037000,113662.000000,0.002000,113666.000000,24.503000,113666.200000,0.001000,113666.400000,0.003000,113666.500000,0.002000,113666.800000,0.017000,113667.000000,0.002000,113667.300000,0.001000,113667.600000,0.002000,113668.000000,0.002000,113668.700000,0.010000
1758739091.4277556,171694272997,113665.900000,39.417000,113665.800000,0.665000,113665.700000,0.046000,113665.400000,0.020000,113665.000000,0.012000,113664.800000,0.046000,113664.700000,0.001000,113664.000000,0.002000,113663.600000,0.026000,113663.000000,0.037000,113666.000000,24.503000,113666.200000,0.001000,113666.400000,0.003000,113666.500000,0.002000,113666.800000,0.017000,113667.000000,0.002000,113667.300000,0.001000,113667.600000,0.002000,113668.000000,0.002000,113668.700000,0.010000
1758739091.7006278,171694275812,113665.900000,39.417000,113665.800000,0.665000,113665.700000,0.047000,113665.400000,0.020000,113665.000000,0.012000,113664.800000,0.038000,113664.700000,0.001000,113664.000000,0.002000,113663.600000,0.026000,113663.000000,0.047000,113666.000000,24.503000,113666.200000,0.001000,113666.400000,0.003000,113666.500000,0.002000,113666.800000,0.017000,113667.000000,0.002000,113667.300000,0.001000,113667.600000,0.002000,113668.000000,0.002000,113669.000000,0.265000
1758739092.204707,171694278480,113665.900000,39.419000,113665.800000,0.665000,113665.700000,0.037000,113665.400000,0.020000,113665.000000,0.002000,113664.800000,0.038000,113664.700000,0.001000,113664.000000,0.002000,113663.600000,0.036000,113663.000000,0.047000,113666.000000,24.127000,113666.200000,0.001000,113666.400000,0.003000,113666.500000,0.002000,113666.800000,0.017000,113667.000000,0.002000,113667.300000,0.001000,113667.600000,0.002000,113668.000000,0.002000,113669.000000,0.265000
1758739092.519326,171694280430,113665.900000,39.459000,113665.800000,0.665000,113665.700000,0.514000,113665.400000,0.020000,113665.000000,0.002000,113664.800000,0.048000,113664.700000,0.001000,113664.000000,0.002000,113663.600000,0.036000,113663.000000,0.032000,113666.000000,24.157000,113666.200000,0.001000,113666.400000,0.003000,113666.500000,0.002000,113666.800000,0.017000,113667.000000,0.002000,113667.300000,0.001000,113667.600000,0.002000,113668.000000,0.002000,113669.000000,0.265000
1758739092.8513014,171694282393,113665.900000,39.459000,113665.800000,0.667000,113665.700000,0.514000,113665.400000,0.010000,113665.000000,0.002000,113664.800000,0.058000,113664.700000,0.001000,113664.000000,0.004000,113663.600000,0.036000,113663.000000,0.032000,113666.000000,24.157000,113666.200000,0.001000,113666.400000,0.003000,113666.500000,0.002000,113666.800000,0.017000,113667.000000,0.002000,113667.300000,0.001000,113667.600000,0.002000,113668.000000,0.002000,113669.000000,0.265000
1758739093.2607884,171694284530,113665.900000,39.459000,113665.800000,0.667000,113665.700000,0.514000,113665.400000,0.010000,113665.000000,0.002000,113664.800000,0.073000,113664.700000,0.001000,113664.000000,0.004000,113663.600000,0.036000,113663.000000,0.032000,113666.000000,24.156000,113666.200000,0.001000,113666.400000,0.003000,113666.500000,0.002000,113666.800000,0.017000,113667.000000,0.002000,113667.300000,0.001000,113667.600000,0.002000,113668.000000,0.002000,113669.000000,0.265000
1758739093.4792829,171694286674,113665.900000,39.274000,113665.800000,0.667000,113665.700000,0.514000,113665.400000,0.030000,113665.000000,0.002000,113664.800000,0.061000,113664.700000,0.001000,113664.000000,0.004000,113663.600000,0.036000,113663.000000,0.032000,113666.000000,24.156000,113666.200000,0.001000,113666.400000,0.003000,113666.500000,0.002000,113666.800000,0.017000,113667.000000,0.002000,113667.300000,0.001000,113667.600000,0.002000,113668.000000,0.002000,113669.000000,0.265000
1758739093.7437158,171694287680,113665.900000,39.274000,113665.800000,0.667000,113665.700000,0.516000,113665.400000,0.030000,113665.000000,0.002000,113664.800000,0.061000,113664.700000,0.001000,113664.000000,0.004000,113663.600000,0.036000,113663.000000,0.022000,113666.000000,24.116000,113666.200000,0.001000,113666.400000,0.003000,113666.500000,0.002000,113666.800000,0.017000,113667.000000,0.002000,113667.300000,0.001000,113667.600000,0.002000,113668.000000,0.002000,113669.000000,0.265000
1758739094.0168102,171694289893,113665.900000,39.395000,113665.800000,0.665000,113665.700000,0.516000,113665.400000,0.030000,113665.000000,0.002000,113664.800000,0.059000,113664.700000,0.001000,113664.000000,0.014000,113663.600000,0.036000,113663.000000,0.022000,113666.000000,24.116000,113666.200000,0.001000,113666.400000,0.003000,113666.500000,0.002000,113666.800000,0.017000,113667.000000,0.002000,113667.300000,0.001000,113667.600000,0.002000,113668.000000,0.002000,113669.000000,0.265000
1758739094.2818875,171694291591,113665.900000,39.384000,113665.800000,0.665000,113665.700000,0.516000,113665.400000,0.032000,113665.000000,0.002000,113664.800000,0.059000,113664.700000,0.001000,113664.000000,0.014000,113663.600000,0.026000,113663.000000,0.022000,113666.000000,24.116000,113666.200000,0.001000,113666.400000,0.003000,113666.500000,0.002000,113666.800000,0.017000,113667.000000,0.002000,113667.300000,0.001000,113667.600000,0.002000,113668.000000,0.002000,113669.000000,0.265000
1758739094.5452912,171694292717,113665.900000,39.363000,113665.800000,0.665000,113665.700000,0.515000,113665.400000,0.042000,113665.000000,0.002000,113664.800000,0.057000,113664.700000,0.001000,113664.000000,0.014000,113663.600000,0.026000,113663.000000,0.002000,113666.000000,30.273000,113666.200000,0.001000,113666.400000,0.003000,113666.500000,0.002000,113666.800000,0.017000,113667.000000,0.002000,113667.300000,0.001000,113667.600000,0.002000,113668.000000,0.002000,113669.000000,0.265000
1758739094.8608637,171694294836,113665.900000,39.393000,113665.800000,0.665000,113665.700000,0.530000,113665.400000,0.042000,113665.000000,0.002000,113664.800000,0.058000,113664.700000,0.001000,113664.000000,0.016000,113663.600000,0.026000,113663.000000,0.002000,113666.000000,30.273000,113666.200000,0.001000,113666.400000,0.003000,113666.500000,0.002000,113666.800000,0.017000,113667.000000,0.002000,113667.300000,0.001000,113667.600000,0.002000,113668.000000,0.002000,113669.000000,0.265000
1758739095.1358628,171694296325,113665.900000,39.393000,113665.800000,0.665000,113665.700000,0.530000,113665.400000,0.042000,113665.000000,0.002000,113664.800000,0.058000,113664.700000,0.006000,113664.000000,0.016000,113663.600000,0.016000,113663.000000,0.002000,113666.000000,30.278000,113666.200000,0.001000,113666.400000,0.003000,113666.500000,0.002000,113666.800000,0.017000,113667.000000,0.002000,113667.300000,0.001000,113667.600000,0.002000,113668.000000,0.002000,113669.000000,0.265000
1758739095.4134057,171694298581,113665.900000,39.170000,113665.800000,0.665000,113665.700000,0.530000,113665.400000,0.032000,113665.000000,0.002000,113664.800000,0.058000,113664.700000,0.006000,113664.000000,0.026000,113663.600000,0.016000,113663.000000,0.002000,113666.000000,30.279000,113666.200000,0.001000,113666.400000,0.003000,113666.500000,0.002000,113666.800000,0.017000,113667.000000,0.002000,113667.300000,0.001000,113667.600000,0.002000,113668.000000,0.002000,113669.000000,0.265000
1758739095.6785347,171694300295,113665.900000,41.802000,113665.800000,0.665000,113665.700000,0.530000,113665.400000,0.042000,113665.000000,0.012000,113664.800000,0.048000,113664.700000,0.006000,113664.000000,0.026000,113663.600000,0.016000,113663.000000,0.002000,113666.000000,27.637000,113666.200000,0.001000,113666.400000,0.003000,113666.500000,0.002000,113666.800000,0.017000,113667.000000,0.002000,113667.300000,0.001000,113667.600000,0.002000,113668.000000,0.002000,113669.000000,0.265000
1758739095.940454,171694301740,113665.900000,41.802000,113665.800000,0.665000,113665.700000,0.545000,113665.400000,0.042000,113665.000000,0.012000,113664.800000,0.038000,113664.700000,0.016000,113664.000000,0.026000,113663.600000,0.001000,113663.000000,0.002000,113666.000000,27.564000,113666.200000,0.001000,113666.400000,0.003000,113666.500000,0.002000,113666.800000,0.017000,113667.000000,0.002000,113667.300000,0.001000,113667.600000,0.002000,113668.000000,0.002000,113669.000000,0.265000
1758739096.3056571,171694302960,113665.900000,41.802000,113665.800000,0.667000,113665.700000,0.545000,113665.400000,0.042000,113665.000000,0.012000,113664.800000,0.023000,113664.700000,0.016000,113664.000000,0.026000,113663.600000,0.001000,113663.000000,0.002000,113666.000000,27.454000,113666.200000,0.001000,113666.400000,0.003000,113666.500000,0.002000,113666.800000,0.017000,113667.000000,0.002000,113667.300000,0.001000,113667.600000,0.002000,113668.000000,0.002000,113669.000000,0.265000
1758739096.497429,171694304651,113665.900000,42.045000,113665.800000,0.667000,113665.700000,0.545000,113665.400000,0.047000,113665.000000,0.012000,113664.800000,0.023000,113664.700000,0.016000,113664.000000,0.026000,113663.600000,0.001000,113663.000000,0.002000,113666.000000,27.454000,113666.200000,0.001000,113666.400000,0.003000,113666.500000,0.002000,113666.800000,0.017000,113667.000000,0.002000,113667.300000,0.001000,113667.600000,0.002000,113668.000000,0.002000,113669.000000,0.265000
1758739096.8528256,171694307106,113665.900000,42.033000,113665.800000,0.665000,113665.700000,0.543000,113665.400000,0.047000,113665.000000,0.012000,113664.800000,0.023000,113664.700000,0.018000,113664.000000,0.016000,113663.600000,0.011000,113663.000000,0.002000,113666.000000,27.414000,113666.200000,0.001000,113666.400000,0.003000,113666.500000,0.002000,113666.800000,0.017000,113667.000000,0.002000,113667.300000,0.001000,113667.600000,0.002000,113668.000000,0.002000,113669.000000,0.265000
1758739097.2140365,171694308975,113665.900000,29.184000,113665.800000,0.665000,113665.700000,0.543000,113665.400000,0.047000,113665.000000,0.012000,113664.800000,0.023000,113664.700000,0.018000,113664.000000,0.016000,113663.600000,0.011000,113663.000000,0.002000,113666.000000,7.176000,113666.200000,0.001000,113666.400000,0.003000,113666.500000,0.002000,113666.800000,0.017000,113667.000000,0.002000,113667.300000,0.001000,113667.600000,0.002000,113668.000000,0.002000,113669.000000,0.265000
1758739097.5375447,171694311903,113666.100000,0.418000,113665.900000,17.228000,113665.800000,0.665000,113665.700000,0.543000,113665.400000,0.045000,113665.000000,0.012000,113664.800000,0.033000,113664.700000,0.018000,113664.000000,0.016000,113663.600000,0.011000,113668.000000,0.001000,113669.000000,0.265000,113669.200000,0.010000,113669.400000,0.010000,113669.700000,0.002000,113669.800000,0.012000,113670.000000,0.082000,113670.700000,0.001000,113670.800000,0.006000,113671.000000,0.008000
1758739097.8743267,171694313958,113666.100000,0.418000,113665.900000,1.980000,113665.800000,0.665000,113665.700000,0.543000,113665.400000,0.037000,113665.000000,0.012000,113664.800000,0.033000,113664.700000,0.018000,113664.000000,0.016000,113663.600000,0.011000,113670.000000,0.018000,113670.700000,0.001000,113670.800000,0.006000,113671.000000,0.008000,113671.300000,0.001000,113671.500000,0.014000,113672.000000,0.005000,113672.100000,0.003000,113672.800000,0.001000,113673.000000,0.001000
1758739098.2031555,171694316446,113669.900000,0.123000,113669.000000,0.002000,113668.900000,25.012000,113666.900000,0.004000,113666.700000,0.001000,113666.400000,0.173000,113666.300000,2.711000,113666.200000,10.809000,113666.100000,0.553000,113666.000000,0.880000,113679.200000,5.983000,113679.300000,0.055000,113679.800000,26.146000,113680.000000,0.496000,113680.800000,0.002000,113681.500000,0.009000,113681.600000,0.004000,113682.300000,0.600000,113682.600000,0.002000,113682.700000,0.001000
1758739098.4739363,171694318005,113679.100000,23.325000,113670.000000,9.895000,113669.900000,0.191000,113669.000000,0.002000,113668.900000,0.008000,113666.900000,0.004000,113666.700000,0.001000,113666.300000,0.010000,113666.200000,0.906000,113666.100000,0.125000,113679.200000,5.976000,113679.300000,0.055000,113679.800000,26.146000,113680.000000,0.496000,113680.800000,0.002000,113681.500000,0.009000,113681.600000,0.004000,113682.200000,0.030000,113682.300000,0.600000,113682.600000,0.002000
1758739098.8505478,171694320281,113679.100000,2.684000,113679.000000,0.001000,113670.100000,0.009000,113669.900000,0.180000,113669.000000,0.002000,113668.900000,0.008000,113667.600000,0.100000,113667.400000,0.010000,113667.000000,0.791000,113666.900000,0.004000,113679.200000,1.071000,113679.300000,5.740000,113679.400000,0.001000,113679.800000,26.146000,113680.000000,0.496000,113680.800000,0.002000,113681.500000,0.009000,113681.600000,0.004000,113682.300000,0.630000,113682.600000,0.002000
1758739099.3078103,171694322461,113679.100000,49.729000,113679.000000,0.001000,113676.400000,0.880000,113669.900000,0.180000,113669.000000,0.002000,113668.900000,0.008000,113667.600000,0.100000,113667.400000,0.010000,113667.000000,0.791000,113666.900000,0.004000,113679.200000,6.616000,113679.300000,0.056000,113679.800000,26.146000,113680.000000,0.496000,113680.800000,0.002000,113681.500000,0.009000,113681.600000,0.004000,113682.300000,0.630000,113682.600000,0.002000,113682.700000,0.001000
1758739099.5360057,171694325368,113679.100000,50.209000,113679.000000,0.001000,113676.400000,0.880000,113669.900000,0.181000,113669.000000,0.004000,113668.900000,0.008000,113667.600000,0.100000,113667.400000,0.010000,113667.000000,0.891000,113666.900000,0.016000,113679.200000,6.643000,113679.300000,0.076000,113679.800000,26.146000,113680.000000,0.496000,113680.800000,0.002000,113681.500000,0.009000,113681.600000,0.004000,113682.300000,0.630000,113682.600000,0.002000,113682.700000,0.001000
1758739099.827488,171694327450,113679.100000,49.899000,113679.000000,0.001000,113676.400000,0.880000,113675.500000,0.100000,113675.400000,0.010000,113669.900000,0.181000,113669.000000,0.004000,113668.900000,0.008000,113667.600000,0.100000,113667.400000,0.028000,113679.200000,6.612000,113679.300000,0.076000,113679.800000,26.146000,113680.000000,0.496000,113680.800000,0.002000,113681.500000,0.009000,113681.600000,0.004000,113682.300000,0.600000,113682.600000,0.002000,113682.700000,0.001000
