unix_timestamp,lastUpdateId,bid_price_0,bid_qty_0,bid_price_1,bid_qty_1,bid_price_2,bid_qty_2,bid_price_3,bid_qty_3,bid_price_4,bid_qty_4,bid_price_5,bid_qty_5,bid_price_6,bid_qty_6,bid_price_7,bid_qty_7,bid_price_8,bid_qty_8,bid_price_9,bid_qty_9,ask_price_0,ask_qty_0,ask_price_1,ask_qty_1,ask_price_2,ask_qty_2,ask_price_3,ask_qty_3,ask_price_4,ask_qty_4,ask_price_5,ask_qty_5,ask_price_6,ask_qty_6,ask_price_7,ask_qty_7,ask_price_8,ask_qty_8,ask_price_9,ask_qty_9
1758739038.1000268,171693939991,4173.700000,238.125000,4173.600000,0.253000,4173.400000,0.479000,4173.300000,0.042000,4173.200000,0.007000,4173.100000,0.064000,4173.000000,24.337000,4172.900000,1.274000,4172.800000,3.058000,4172.700000,88.288000,4173.800000,9.263000,4173.900000,0.046000,4174.000000,0.358000,4174.100000,0.280000,4174.200000,285.640000,4174.300000,0.035000,4174.400000,5.357000,4174.500000,0.337000,4174.600000,0.129000,4174.700000,0.167000
1758739040.7797263,171693956342,4173.700000,231.849000,4173.600000,0.255000,4173.500000,0.002000,4173.400000,0.481000,4173.300000,0.042000,4173.200000,0.111000,4173.100000,0.064000,4173.000000,23.955000,4172.900000,1.274000,4172.800000,3.058000,4173.800000,0.273000,4174.000000,0.220000,4174.100000,0.096000,4174.200000,7.066000,4174.300000,0.012000,4174.400000,5.357000,4174.500000,0.337000,4174.600000,6.337000,4174.700000,0.167000,4174.800000,0.017000
1758739041.0890744,171693958446,4173.700000,239.284000,4173.600000,0.260000,4173.500000,0.005000,4173.400000,0.486000,4173.300000,0.537000,4173.200000,0.109000,4173.100000,0.064000,4173.000000,23.955000,4172.900000,0.772000,4172.800000,3.056000,4173.800000,0.273000,4174.000000,0.075000,4174.100000,0.050000,4174.200000,6.967000,4174.300000,0.017000,4174.400000,5.362000,4174.500000,0.339000,4174.600000,0.129000,4174.700000,0.165000,4174.800000,0.040000
1758739041.3371055,171693961389,4173.900000,26.189000,4173.700000,191.830000,4173.600000,0.255000,4173.500000,0.382000,4173.400000,0.481000,4173.300000,0.537000,4173.200000,0.109000,4173.100000,0.064000,4173.000000,23.955000,4172.900000,0.772000,4174.000000,0.375000,4174.100000,0.050000,4174.200000,6.019000,4174.300000,0.012000,4174.400000,0.571000,4174.500000,0.344000,4174.600000,0.134000,4174.700000,0.165000,4174.800000,284.735000,4174.900000,11.353000
1758739041.5905051,171693963349,4174.100000,40.117000,4173.900000,0.049000,4173.800000,24.213000,4173.700000,191.753000,4173.600000,0.255000,4173.500000,0.382000,4173.400000,0.481000,4173.300000,0.502000,4173.200000,0.109000,4173.100000,0.064000,4174.200000,1.024000,4174.300000,0.012000,4174.400000,0.571000,4174.500000,0.344000,4174.600000,0.169000,4174.700000,0.165000,4174.800000,284.735000,4174.900000,11.353000,4175.000000,9.964000,4175.100000,1.136000
1758739041.872267,171693964371,4174.100000,40.469000,4173.900000,0.049000,4173.800000,24.190000,4173.700000,191.447000,4173.600000,0.255000,4173.500000,0.382000,4173.400000,0.481000,4173.300000,0.502000,4173.200000,0.109000,4173.100000,0.064000,4174.200000,6.299000,4174.300000,0.012000,4174.400000,0.571000,4174.500000,0.367000,4174.600000,0.307000,4174.700000,0.234000,4174.800000,284.781000,4174.900000,11.353000,4175.000000,4.704000,4175.100000,1.136000
1758739042.289679,171693967264,4174.100000,40.864000,4173.900000,0.049000,4173.800000,24.190000,4173.700000,191.032000,4173.600000,0.257000,4173.500000,0.382000,4173.400000,0.481000,4173.300000,0.502000,4173.200000,0.109000,4173.100000,0.064000,4174.200000,6.274000,4174.300000,0.012000,4174.400000,0.571000,4174.500000,0.367000,4174.600000,0.307000,4174.700000,0.234000,4174.800000,284.781000,4174.900000,11.353000,4175.000000,4.704000,4175.100000,1.136000
1758739042.8699234,171693970253,4174.100000,40.871000,4173.900000,0.049000,4173.800000,24.190000,4173.700000,191.032000,4173.600000,0.257000,4173.500000,0.382000,4173.400000,0.481000,4173.300000,0.502000,4173.200000,0.109000,4173.100000,0.064000,4174.200000,6.260000,4174.300000,0.012000,4174.400000,0.571000,4174.500000,0.367000,4174.600000,0.307000,4174.700000,0.234000,4174.800000,284.781000,4174.900000,11.353000,4175.000000,4.704000,4175.100000,1.136000
1758739043.135337,171693972015,4174.100000,41.026000,4173.900000,0.049000,4173.800000,24.190000,4173.700000,190.595000,4173.600000,0.257000,4173.500000,0.382000,4173.400000,0.481000,4173.300000,0.502000,4173.200000,0.109000,4173.100000,0.064000,4174.200000,6.544000,4174.300000,0.012000,4174.400000,0.571000,4174.500000,0.367000,4174.600000,0.422000,4174.700000,0.395000,4174.800000,284.850000,4174.900000,11.422000,4175.000000,4.704000,4175.100000,1.136000
1758739043.5593436,171693975025,4174.100000,41.046000,4173.900000,0.029000,4173.800000,23.952000,4173.700000,190.588000,4173.600000,0.260000,4173.500000,0.384000,4173.400000,0.481000,4173.300000,0.502000,4173.200000,0.109000,4173.100000,0.064000,4174.200000,11.330000,4174.300000,0.012000,4174.400000,2.678000,4174.500000,0.362000,4174.600000,0.417000,4174.700000,285.101000,4174.800000,0.155000,4174.900000,11.422000,4175.000000,4.704000,4175.100000,1.136000
1758739043.8756216,171693976126,4174.100000,41.017000,4173.900000,0.029000,4173.800000,23.952000,4173.700000,190.588000,4173.600000,0.260000,4173.500000,0.384000,4173.400000,0.481000,4173.300000,0.502000,4173.200000,0.109000,4173.100000,0.064000,4174.200000,11.301000,4174.300000,0.012000,4174.400000,2.747000,4174.500000,0.454000,4174.600000,0.348000,4174.700000,285.055000,4174.800000,0.109000,4174.900000,11.422000,4175.000000,4.704000,4175.100000,1.136000
1758739044.441251,171693979299,4174.100000,49.017000,4173.900000,0.029000,4173.800000,23.952000,4173.700000,190.588000,4173.600000,0.260000,4173.500000,0.384000,4173.400000,0.481000,4173.300000,0.502000,4173.200000,0.109000,4173.100000,0.064000,4174.200000,5.708000,4174.300000,0.012000,4174.400000,2.747000,4174.500000,0.454000,4174.600000,5.957000,4174.700000,285.055000,4174.800000,0.109000,4174.900000,11.422000,4175.000000,4.704000,4175.100000,1.136000
1758739044.8721282,171693982107,4174.100000,48.940000,4173.900000,0.029000,4173.800000,23.952000,4173.700000,190.588000,4173.600000,0.260000,4173.500000,0.384000,4173.400000,0.481000,4173.300000,0.502000,4173.200000,0.109000,4173.100000,0.064000,4174.200000,11.290000,4174.300000,0.012000,4174.400000,2.747000,4174.500000,0.454000,4174.600000,0.348000,4174.700000,285.055000,4174.800000,0.109000,4174.900000,11.422000,4175.000000,4.704000,4175.100000,1.136000
1758739045.221458,171693984006,4174.100000,48.718000,4173.900000,0.029000,4173.800000,23.952000,4173.700000,190.488000,4173.600000,0.260000,4173.500000,0.384000,4173.400000,0.481000,4173.300000,0.502000,4173.200000,0.109000,4173.100000,0.064000,4174.200000,11.290000,4174.300000,0.012000,4174.400000,2.747000,4174.500000,0.454000,4174.600000,0.348000,4174.700000,285.055000,4174.800000,0.109000,4174.900000,11.422000,4175.000000,4.704000,4175.100000,1.136000
1758739045.4697433,171693986202,4174.100000,48.423000,4173.900000,0.029000,4173.800000,23.952000,4173.700000,190.488000,4173.600000,0.260000,4173.500000,0.384000,4173.400000,0.481000,4173.300000,0.502000,4173.200000,0.109000,4173.100000,0.064000,4174.200000,11.290000,4174.300000,0.012000,4174.400000,2.793000,4174.500000,0.592000,4174.600000,0.394000,4174.700000,284.963000,4174.800000,0.040000,4174.900000,11.353000,4175.000000,4.704000,4175.100000,1.136000
1758739045.8048446,171693988122,4174.100000,48.789000,4173.900000,0.029000,4173.800000,23.952000,4173.700000,190.488000,4173.600000,0.260000,4173.500000,0.384000,4173.400000,0.481000,4173.300000,0.502000,4173.200000,0.109000,4173.100000,0.064000,4174.200000,11.261000,4174.300000,0.012000,4174.400000,2.839000,4174.500000,0.546000,4174.600000,0.417000,4174.700000,284.940000,4174.800000,0.040000,4174.900000,11.353000,4175.000000,4.704000,4175.100000,1.136000
1758739046.14726,171693990939,4174.200000,39.901000,4174.100000,6.179000,4173.900000,0.029000,4173.800000,23.952000,4173.700000,190.488000,4173.600000,0.260000,4173.500000,0.384000,4173.400000,0.481000,4173.300000,0.502000,4173.200000,0.109000,4174.300000,0.012000,4174.400000,2.839000,4174.500000,0.546000,4174.600000,0.417000,4174.700000,284.940000,4174.800000,7.567000,4174.900000,11.353000,4175.000000,4.704000,4175.100000,1.136000,4175.200000,2.339000
1758739046.3997724,171693992698,4174.200000,26.229000,4174.100000,6.137000,4173.900000,0.029000,4173.800000,24.192000,4173.700000,190.488000,4173.600000,0.260000,4173.500000,0.384000,4173.400000,0.489000,4173.300000,0.502000,4173.200000,0.113000,4174.400000,2.839000,4174.500000,0.546000,4174.600000,0.417000,4174.700000,292.707000,4174.800000,0.040000,4174.900000,11.353000,4175.000000,4.704000,4175.100000,1.136000,4175.200000,2.339000,4175.300000,0.647000
1758739046.747183,171693993930,4174.200000,25.911000,4174.100000,6.117000,4173.900000,0.029000,4173.800000,24.192000,4173.700000,190.488000,4173.600000,0.260000,4173.500000,0.384000,4173.400000,0.489000,4173.300000,0.502000,4173.200000,0.113000,4174.300000,7.527000,4174.400000,2.817000,4174.500000,0.546000,4174.600000,0.417000,4174.700000,285.180000,4174.800000,0.040000,4174.900000,11.353000,4175.000000,4.704000,4175.100000,1.136000,4175.200000,2.339000
1758739047.0254655,171693995750,4174.200000,39.945000,4174.100000,6.117000,4173.900000,0.029000,4173.800000,24.192000,4173.700000,190.488000,4173.600000,0.260000,4173.500000,0.384000,4173.400000,0.489000,4173.300000,0.502000,4173.200000,0.113000,4174.300000,7.527000,4174.400000,0.717000,4174.500000,0.546000,4174.600000,0.417000,4174.700000,285.180000,4174.800000,0.040000,4174.900000,11.353000,4175.000000,4.704000,4175.100000,1.136000,4175.200000,2.339000
1758739047.2803469,171693997578,4174.300000,40.461000,4174.200000,0.062000,4174.100000,6.117000,4173.900000,0.029000,4173.800000,24.192000,4173.700000,190.223000,4173.600000,0.260000,4173.500000,0.384000,4173.400000,0.489000,4173.300000,0.502000,4174.400000,8.794000,4174.500000,0.546000,4174.600000,0.417000,4174.700000,285.180000,4174.800000,0.040000,4174.900000,11.353000,4175.000000,4.704000,4175.100000,1.136000,4175.200000,2.339000,4175.300000,0.647000
1758739047.5357091,171693998898,4174.300000,40.940000,4174.200000,0.020000,4174.100000,5.660000,4173.900000,0.029000,4173.800000,24.192000,4173.700000,190.223000,4173.600000,0.260000,4173.500000,0.384000,4173.400000,0.489000,4173.300000,0.502000,4174.400000,8.794000,4174.500000,0.546000,4174.600000,0.417000,4174.700000,285.180000,4174.800000,0.040000,4174.900000,11.353000,4175.000000,4.704000,4175.100000,1.136000,4175.200000,2.339000,4175.300000,0.647000
1758739047.821694,171694000640,4174.300000,41.199000,4174.200000,0.020000,4174.100000,5.384000,4173.900000,0.029000,4173.800000,24.192000,4173.700000,190.213000,4173.600000,0.260000,4173.500000,0.384000,4173.400000,0.489000,4173.300000,0.502000,4174.400000,8.217000,4174.500000,0.546000,4174.600000,0.417000,4174.700000,285.180000,4174.800000,0.040000,4174.900000,11.353000,4175.000000,4.704000,4175.100000,1.156000,4175.200000,2.339000,4175.300000,0.647000
1758739048.2404003,171694002420,4174.300000,41.199000,4174.200000,0.020000,4174.100000,5.334000,4173.900000,0.029000,4173.800000,24.192000,4173.700000,190.213000,4173.600000,0.260000,4173.500000,0.384000,4173.400000,0.489000,4173.300000,0.502000,4174.400000,0.690000,4174.500000,0.546000,4174.600000,0.417000,4174.700000,285.180000,4174.800000,7.567000,4174.900000,11.353000,4175.000000,4.704000,4175.100000,1.156000,4175.200000,2.339000,4175.300000,0.647000
1758739048.4256186,171694004462,4174.300000,41.264000,4174.100000,5.334000,4173.900000,0.029000,4173.800000,24.192000,4173.700000,190.213000,4173.600000,0.260000,4173.500000,0.384000,4173.400000,0.489000,4173.300000,0.502000,4173.200000,0.113000,4174.400000,0.690000,4174.500000,0.546000,4174.600000,0.417000,4174.700000,287.280000,4174.800000,7.567000,4174.900000,11.353000,4175.000000,4.704000,4175.100000,1.156000,4175.200000,2.339000,4175.300000,0.647000
1758739048.8707197,171694007181,4174.300000,41.630000,4174.100000,4.939000,4173.900000,0.029000,4173.800000,24.192000,4173.700000,190.213000,4173.600000,0.260000,4173.500000,0.002000,4173.400000,0.489000,4173.300000,0.502000,4173.200000,0.113000,4174.400000,0.681000,4174.500000,0.546000,4174.600000,0.417000,4174.700000,287.280000,4174.800000,7.567000,4174.900000,11.353000,4175.000000,4.704000,4175.100000,1.156000,4175.200000,2.339000,4175.300000,0.647000
1758739049.2295651,171694009948,4174.300000,50.214000,4174.200000,0.256000,4174.100000,24.072000,4174.000000,0.007000,4173.900000,0.508000,4173.800000,24.574000,4173.700000,190.213000,4173.600000,0.011000,4173.400000,0.487000,4173.300000,0.502000,4174.400000,0.513000,4174.500000,0.337000,4174.600000,0.164000,4174.700000,2.505000,4174.800000,0.012000,4174.900000,13.455000,4175.000000,289.401000,4175.100000,1.156000,4175.200000,1.839000,4175.300000,8.174000
1758739049.6229076,171694012659,4174.300000,34.693000,4174.200000,0.249000,4174.100000,24.077000,4174.000000,0.007000,4173.900000,0.479000,4173.800000,24.576000,4173.700000,190.213000,4173.600000,0.011000,4173.400000,0.487000,4173.300000,0.500000,4174.500000,0.337000,4174.600000,5.155000,4174.700000,2.505000,4174.800000,0.012000,4174.900000,13.493000,4175.000000,4.865000,4175.100000,1.297000,4175.200000,286.633000,4175.300000,0.670000,4175.400000,0.071000
1758739049.7810597,171694014371,4174.400000,45.677000,4174.300000,9.964000,4174.200000,0.269000,4174.100000,24.077000,4174.000000,0.042000,4173.900000,0.479000,4173.800000,24.576000,4173.700000,190.178000,4173.600000,0.011000,4173.400000,0.487000,4174.500000,0.289000,4174.600000,0.129000,4174.700000,2.505000,4174.800000,0.012000,4174.900000,13.539000,4175.000000,10.006000,4175.100000,1.389000,4175.200000,286.656000,4175.300000,0.670000,4175.400000,0.071000
1758739050.1230054,171694016712,4174.400000,45.717000,4174.300000,9.944000,4174.200000,0.269000,4174.100000,24.077000,4174.000000,0.042000,4173.900000,0.479000,4173.800000,24.576000,4173.700000,190.178000,4173.600000,0.011000,4173.400000,0.487000,4174.500000,0.081000,4174.600000,0.129000,4174.700000,2.505000,4174.800000,0.012000,4174.900000,13.539000,4175.000000,10.006000,4175.100000,1.389000,4175.200000,286.656000,4175.300000,0.670000,4175.400000,0.071000
1758739050.6641698,171694020609,4174.600000,40.249000,4174.400000,5.144000,4174.300000,9.944000,4174.200000,0.269000,4174.100000,24.077000,4174.000000,0.042000,4173.900000,0.479000,4173.800000,24.613000,4173.700000,190.178000,4173.600000,0.011000,4174.700000,5.322000,4174.800000,0.012000,4174.900000,18.565000,4175.000000,4.980000,4175.100000,1.389000,4175.200000,286.656000,4175.300000,0.670000,4175.400000,0.071000,4175.500000,0.038000,4175.600000,0.601000
1758739050.9187236,171694021521,4174.600000,40.544000,4174.400000,0.316000,4174.300000,9.944000,4174.200000,0.269000,4174.100000,24.077000,4174.000000,0.042000,4173.900000,0.479000,4173.800000,24.613000,4173.700000,190.178000,4173.600000,0.011000,4174.700000,10.658000,4174.800000,0.012000,4174.900000,13.539000,4175.000000,4.980000,4175.100000,1.389000,4175.200000,286.656000,4175.300000,0.670000,4175.400000,0.071000,4175.500000,0.038000,4175.600000,0.601000
1758739051.2538548,171694022622,4174.600000,40.544000,4174.500000,0.030000,4174.400000,0.316000,4174.300000,9.944000,4174.200000,0.269000,4174.100000,24.047000,4174.000000,0.042000,4173.900000,0.479000,4173.800000,24.613000,4173.700000,190.178000,4174.700000,10.658000,4174.800000,0.012000,4174.900000,13.539000,4175.000000,4.980000,4175.100000,1.389000,4175.200000,286.656000,4175.300000,0.670000,4175.400000,0.071000,4175.500000,0.038000,4175.600000,0.601000
1758739051.6679642,171694026104,4174.600000,40.729000,4174.500000,0.030000,4174.400000,0.316000,4174.300000,9.457000,4174.200000,0.249000,4174.100000,24.047000,4174.000000,0.042000,4173.900000,0.479000,4173.800000,24.613000,4173.700000,190.678000,4174.700000,10.105000,4174.800000,0.012000,4174.900000,13.539000,4175.000000,4.980000,4175.100000,1.389000,4175.200000,286.656000,4175.300000,0.670000,4175.400000,0.071000,4175.500000,0.038000,4175.600000,0.601000
1758739051.9879165,171694028831,4174.600000,45.812000,4174.500000,0.030000,4174.400000,0.040000,4174.300000,9.457000,4174.200000,0.249000,4174.100000,24.047000,4174.000000,0.042000,4173.900000,0.479000,4173.800000,24.613000,4173.700000,190.698000,4174.700000,4.757000,4174.800000,0.012000,4174.900000,13.539000,4175.000000,4.980000,4175.100000,6.435000,4175.200000,286.656000,4175.300000,0.670000,4175.400000,0.071000,4175.500000,0.038000,4175.600000,0.601000
1758739052.4249442,171694030996,4174.600000,45.812000,4174.500000,0.030000,4174.400000,0.040000,4174.300000,9.062000,4174.200000,0.249000,4174.100000,24.047000,4174.000000,0.042000,4173.900000,0.479000,4173.800000,24.613000,4173.700000,190.698000,4174.700000,4.737000,4174.800000,0.012000,4174.900000,13.539000,4175.000000,4.980000,4175.100000,6.435000,4175.200000,286.656000,4175.300000,2.770000,4175.400000,0.071000,4175.500000,0.038000,4175.600000,0.601000
1758739052.7434518,171694032812,4174.600000,46.214000,4174.500000,0.037000,4174.400000,0.524000,4174.300000,9.057000,4174.200000,0.251000,4174.100000,24.542000,4174.000000,0.040000,4173.900000,0.479000,4173.800000,24.229000,4173.700000,278.449000,4174.800000,0.012000,4174.900000,13.488000,4175.000000,4.704000,4175.100000,1.154000,4175.200000,1.839000,4175.300000,2.747000,4175.400000,0.078000,4175.500000,5.064000,4175.600000,0.101000,4175.700000,285.037000
1758739053.0865636,171694034186,4174.700000,0.023000,4174.600000,32.203000,4174.500000,0.030000,4174.400000,0.519000,4174.300000,1.092000,4174.200000,0.251000,4174.100000,24.542000,4174.000000,0.005000,4173.900000,0.479000,4173.800000,24.229000,4174.900000,11.145000,4175.000000,4.704000,4175.100000,1.154000,4175.200000,1.874000,4175.300000,2.752000,4175.400000,0.076000,4175.500000,0.043000,4175.600000,0.101000,4175.700000,285.037000,4175.800000,0.727000
1758739053.4059637,171694036623,4174.800000,39.998000,4174.700000,0.342000,4174.600000,1.185000,4174.500000,0.412000,4174.400000,0.519000,4174.300000,1.321000,4174.200000,0.481000,4174.100000,24.542000,4174.000000,0.005000,4173.900000,0.479000,4174.900000,4.894000,4175.000000,4.704000,4175.100000,6.179000,4175.200000,1.874000,4175.300000,2.742000,4175.400000,0.071000,4175.500000,0.043000,4175.600000,0.101000,4175.700000,285.037000,4175.800000,2.827000
1758739053.718484,171694038223,4174.800000,40.363000,4174.700000,0.002000,4174.600000,1.185000,4174.500000,0.412000,4174.400000,0.519000,4174.300000,1.321000,4174.200000,0.481000,4174.100000,24.542000,4174.000000,0.005000,4173.900000,0.907000,4174.900000,4.894000,4175.000000,4.704000,4175.100000,1.154000,4175.200000,1.874000,4175.300000,2.742000,4175.400000,0.071000,4175.500000,0.043000,4175.600000,5.126000,4175.700000,285.037000,4175.800000,2.827000
1758739054.0490677,171694041015,4174.800000,45.334000,4174.700000,0.002000,4174.600000,0.728000,4174.500000,0.412000,4174.400000,0.519000,4174.300000,1.321000,4174.200000,0.481000,4174.100000,24.542000,4174.000000,0.005000,4173.900000,0.907000,4174.900000,4.795000,4175.000000,4.704000,4175.100000,1.154000,4175.200000,1.874000,4175.300000,2.742000,4175.400000,0.071000,4175.500000,0.089000,4175.600000,5.264000,4175.700000,285.198000,4175.800000,2.896000
1758739054.4148815,171694043131,4174.800000,45.589000,4174.700000,0.002000,4174.600000,0.452000,4174.500000,0.412000,4174.400000,0.519000,4174.300000,1.321000,4174.200000,0.481000,4174.100000,24.542000,4174.000000,0.005000,4173.900000,0.907000,4174.900000,4.781000,4175.000000,4.704000,4175.100000,1.154000,4175.200000,1.874000,4175.300000,2.742000,4175.400000,0.071000,4175.500000,0.204000,4175.600000,5.333000,4175.700000,285.290000,4175.800000,2.896000
1758739054.8290641,171694046570,4174.800000,45.583000,4174.700000,0.002000,4174.600000,0.452000,4174.500000,0.412000,4174.400000,0.499000,4174.300000,1.092000,4174.200000,0.251000,4174.100000,24.542000,4174.000000,0.005000,4173.900000,0.907000,4174.900000,2.651000,4175.000000,4.704000,4175.100000,1.154000,4175.200000,1.874000,4175.300000,2.742000,4175.400000,0.071000,4175.500000,0.204000,4175.600000,0.308000,4175.700000,285.290000,4175.800000,2.896000
1758739055.1466486,171694049354,4174.800000,45.556000,4174.700000,0.002000,4174.600000,0.422000,4174.500000,0.412000,4174.400000,0.499000,4174.300000,1.092000,4174.200000,0.251000,4174.100000,24.542000,4174.000000,0.005000,4173.900000,0.907000,4175.000000,1.412000,4175.100000,1.154000,4175.200000,1.874000,4175.300000,2.742000,4175.400000,0.071000,4175.500000,0.204000,4175.600000,0.308000,4175.700000,285.290000,4175.800000,2.896000,4175.900000,0.389000
1758739055.4837036,171694051480,4174.900000,40.887000,4174.800000,5.591000,4174.700000,0.002000,4174.600000,0.402000,4174.500000,0.382000,4174.400000,0.499000,4174.300000,1.092000,4174.200000,0.002000,4174.100000,24.542000,4174.000000,0.005000,4175.000000,1.412000,4175.100000,1.154000,4175.200000,1.874000,4175.300000,2.742000,4175.400000,0.071000,4175.500000,0.204000,4175.600000,0.308000,4175.700000,285.290000,4175.800000,2.896000,4175.900000,0.389000
1758739055.7874558,171694052519,4174.900000,40.929000,4174.800000,5.549000,4174.700000,0.002000,4174.600000,0.402000,4174.500000,0.382000,4174.400000,0.499000,4174.300000,1.092000,4174.200000,0.002000,4174.100000,24.542000,4174.000000,0.005000,4175.000000,1.392000,4175.100000,1.154000,4175.200000,1.874000,4175.300000,2.742000,4175.400000,0.071000,4175.500000,0.204000,4175.600000,0.308000,4175.700000,285.290000,4175.800000,4.996000,4175.900000,0.389000
1758739056.1151063,171694056106,4174.900000,49.485000,4174.800000,5.112000,4174.700000,0.002000,4174.600000,0.007000,4174.500000,0.382000,4174.400000,0.499000,4174.300000,1.092000,4174.200000,0.002000,4174.100000,24.542000,4174.000000,0.005000,4175.000000,6.403000,4175.100000,1.154000,4175.200000,1.874000,4175.300000,0.642000,4175.400000,2.146000,4175.500000,0.204000,4175.600000,0.308000,4175.700000,285.290000,4175.800000,4.996000,4175.900000,0.389000
1758739056.3695076,171694058796,4174.900000,49.761000,4174.800000,4.836000,4174.700000,0.002000,4174.600000,0.007000,4174.500000,0.382000,4174.400000,0.499000,4174.300000,1.092000,4174.200000,0.002000,4174.100000,24.542000,4174.000000,0.005000,4175.000000,1.899000,4175.100000,1.154000,4175.200000,1.874000,4175.300000,0.642000,4175.400000,2.146000,4175.500000,0.204000,4175.600000,0.308000,4175.700000,285.290000,4175.800000,7.921000,4175.900000,0.389000
1758739056.7771063,171694062098,4174.900000,49.733000,4174.800000,4.836000,4174.700000,0.002000,4174.600000,0.007000,4174.500000,0.382000,4174.400000,0.499000,4174.300000,1.092000,4174.200000,0.002000,4174.100000,24.542000,4174.000000,0.005000,4175.000000,1.322000,4175.100000,1.154000,4175.200000,1.874000,4175.300000,0.642000,4175.400000,7.171000,4175.500000,0.204000,4175.600000,0.308000,4175.700000,285.290000,4175.800000,2.896000,4175.900000,0.389000
1758739057.2423131,171694062150,4174.900000,49.733000,4174.800000,4.836000,4174.700000,0.002000,4174.600000,0.007000,4174.500000,0.382000,4174.400000,0.499000,4174.300000,1.092000,4174.200000,0.002000,4174.100000,24.542000,4174.000000,0.005000,4175.000000,1.310000,4175.100000,1.154000,4175.200000,1.874000,4175.300000,0.642000,4175.400000,7.171000,4175.500000,0.204000,4175.600000,0.308000,4175.700000,285.290000,4175.800000,2.896000,4175.900000,0.389000
1758739057.4445739,171694067366,4174.900000,49.513000,4174.800000,4.846000,4174.700000,0.002000,4174.600000,0.007000,4174.500000,0.382000,4174.400000,0.499000,4174.300000,1.082000,4174.200000,0.002000,4174.100000,24.542000,4174.000000,0.005000,4175.000000,1.304000,4175.100000,1.154000,4175.200000,1.874000,4175.300000,0.642000,4175.400000,7.171000,4175.500000,0.204000,4175.600000,0.308000,4175.700000,285.290000,4175.800000,2.896000,4175.900000,0.389000
1758739057.789315,171694069037,4174.900000,49.490000,4174.800000,4.846000,4174.700000,0.002000,4174.600000,0.007000,4174.500000,0.382000,4174.400000,0.499000,4174.300000,1.082000,4174.200000,0.002000,4174.100000,24.442000,4174.000000,0.005000,4175.000000,1.831000,4175.100000,1.154000,4175.200000,1.874000,4175.300000,0.642000,4175.400000,7.171000,4175.500000,0.204000,4175.600000,0.308000,4175.700000,285.290000,4175.800000,2.896000,4175.900000,0.389000
1758739058.0556905,171694070258,4174.900000,49.318000,4174.800000,4.846000,4174.700000,0.002000,4174.600000,0.007000,4174.500000,0.382000,4174.400000,0.499000,4174.300000,1.082000,4174.200000,0.002000,4174.100000,24.442000,4174.000000,0.005000,4175.000000,6.856000,4175.100000,1.154000,4175.200000,1.874000,4175.300000,0.642000,4175.400000,2.146000,4175.500000,0.204000,4175.600000,0.308000,4175.700000,285.290000,4175.800000,2.896000,4175.900000,0.389000
1758739058.3470871,171694072541,4174.900000,49.318000,4174.800000,4.796000,4174.700000,0.002000,4174.600000,0.007000,4174.500000,0.382000,4174.400000,0.499000,4174.300000,1.082000,4174.200000,0.002000,4174.100000,24.442000,4174.000000,0.005000,4175.000000,6.856000,4175.100000,1.154000,4175.200000,1.874000,4175.300000,0.642000,4175.400000,2.146000,4175.500000,0.204000,4175.600000,0.308000,4175.700000,285.290000,4175.800000,2.896000,4175.900000,0.389000
1758739058.6271799,171694074657,4174.900000,49.358000,4174.800000,4.796000,4174.700000,0.002000,4174.600000,0.007000,4174.500000,0.382000,4174.400000,0.499000,4174.300000,1.082000,4174.200000,0.002000,4174.100000,24.442000,4174.000000,0.005000,4175.000000,1.281000,4175.100000,1.154000,4175.200000,1.874000,4175.300000,0.642000,4175.400000,7.171000,4175.500000,0.204000,4175.600000,0.308000,4175.700000,285.290000,4175.800000,2.896000,4175.900000,0.389000
1758739058.9874701,171694076193,4174.900000,49.328000,4174.800000,4.796000,4174.700000,0.002000,4174.600000,0.007000,4174.500000,0.382000,4174.400000,0.499000,4174.300000,1.082000,4174.200000,0.002000,4174.100000,24.442000,4174.000000,0.005000,4175.000000,1.251000,4175.100000,1.154000,4175.200000,1.874000,4175.300000,0.642000,4175.400000,7.171000,4175.500000,0.204000,4175.600000,0.308000,4175.700000,285.290000,4175.800000,2.896000,4175.900000,0.389000
1758739059.1965592,171694078486,4174.900000,49.306000,4174.800000,4.796000,4174.700000,0.002000,4174.600000,0.007000,4174.500000,0.382000,4174.400000,0.499000,4174.300000,1.062000,4174.200000,0.002000,4174.100000,24.442000,4174.000000,0.005000,4175.000000,1.801000,4175.100000,1.154000,4175.200000,1.874000,4175.300000,0.642000,4175.400000,5.096000,4175.500000,0.204000,4175.600000,0.308000,4175.700000,285.290000,4175.800000,0.796000,4175.900000,0.389000
1758739059.4946265,171694080053,4174.900000,49.452000,4174.800000,4.796000,4174.700000,0.002000,4174.600000,0.007000,4174.500000,0.382000,4174.400000,0.499000,4174.300000,0.837000,4174.200000,0.002000,4174.100000,24.442000,4174.000000,0.005000,4175.000000,1.801000,4175.100000,1.154000,4175.200000,1.874000,4175.300000,0.642000,4175.400000,5.096000,4175.500000,0.204000,4175.600000,0.308000,4175.700000,285.290000,4175.800000,0.796000,4175.900000,0.389000
1758739059.8181396,171694082293,4174.900000,49.523000,4174.800000,4.796000,4174.700000,0.002000,4174.600000,0.007000,4174.500000,0.382000,4174.400000,0.499000,4174.300000,0.837000,4174.200000,0.002000,4174.100000,24.442000,4174.000000,0.005000,4175.000000,6.798000,4175.100000,1.154000,4175.200000,1.874000,4175.300000,0.642000,4175.400000,0.071000,4175.500000,0.204000,4175.600000,0.308000,4175.700000,285.290000,4175.800000,0.796000,4175.900000,0.389000
1758739060.2305527,171694083599,4174.900000,49.251000,4174.800000,4.796000,4174.700000,0.002000,4174.600000,0.007000,4174.500000,0.382000,4174.400000,0.499000,4174.300000,0.837000,4174.200000,0.002000,4174.100000,24.442000,4174.000000,0.005000,4175.000000,6.798000,4175.100000,1.154000,4175.200000,1.874000,4175.300000,0.642000,4175.400000,0.071000,4175.500000,0.204000,4175.600000,0.308000,4175.700000,285.290000,4175.800000,0.796000,4175.900000,0.389000
1758739060.6239078,171694087777,4174.900000,49.251000,4174.800000,4.796000,4174.700000,0.002000,4174.600000,0.007000,4174.500000,0.382000,4174.400000,0.499000,4174.300000,0.837000,4174.200000,0.002000,4174.100000,24.442000,4174.000000,0.005000,4175.000000,1.756000,4175.100000,1.154000,4175.200000,1.874000,4175.300000,0.642000,4175.400000,0.071000,4175.500000,0.204000,4175.600000,5.333000,4175.700000,285.290000,4175.800000,0.796000,4175.900000,0.389000
1758739060.8842328,171694089126,4174.900000,49.223000,4174.800000,4.796000,4174.700000,0.002000,4174.600000,0.007000,4174.500000,0.382000,4174.400000,0.499000,4174.300000,0.837000,4174.200000,0.002000,4174.100000,24.442000,4174.000000,0.005000,4175.000000,0.434000,4175.100000,1.154000,4175.200000,1.874000,4175.300000,0.642000,4175.400000,0.071000,4175.500000,0.089000,4175.600000,0.228000,4175.700000,285.221000,4175.800000,0.796000,4175.900000,5.414000
1758739061.2312963,171694090681,4174.900000,49.223000,4174.800000,4.796000,4174.700000,0.002000,4174.600000,0.007000,4174.500000,0.382000,4174.400000,0.499000,4174.300000,0.837000,4174.200000,0.002000,4174.100000,24.442000,4174.000000,0.005000,4175.000000,0.434000,4175.100000,1.154000,4175.200000,1.874000,4175.300000,0.642000,4175.400000,0.071000,4175.500000,5.114000,4175.600000,0.262000,4175.700000,285.221000,4175.800000,0.796000,4175.900000,0.389000
1758739061.6305878,171694093905,4174.900000,49.140000,4174.800000,4.796000,4174.700000,0.002000,4174.600000,0.007000,4174.500000,0.382000,4174.400000,0.499000,4174.300000,0.037000,4174.200000,0.002000,4174.100000,24.442000,4174.000000,0.005000,4175.000000,0.994000,4175.100000,1.154000,4175.200000,1.874000,4175.300000,2.742000,4175.400000,0.071000,4175.500000,5.114000,4175.600000,0.308000,4175.700000,285.244000,4175.800000,0.842000,4175.900000,0.389000
1758739061.8767498,171694094844,4174.900000,49.197000,4174.800000,4.796000,4174.700000,0.002000,4174.600000,0.007000,4174.500000,0.382000,4174.400000,0.499000,4174.300000,0.037000,4174.200000,0.002000,4174.100000,24.442000,4174.000000,0.005000,4175.000000,0.994000,4175.100000,6.179000,4175.200000,1.874000,4175.300000,2.742000,4175.400000,0.071000,4175.500000,0.089000,4175.600000,0.308000,4175.700000,285.244000,4175.800000,0.842000,4175.900000,0.389000
1758739062.128828,171694096410,4174.900000,49.745000,4174.800000,4.796000,4174.700000,0.002000,4174.600000,0.007000,4174.500000,0.382000,4174.400000,0.479000,4174.300000,0.037000,4174.200000,0.002000,4174.100000,24.442000,4174.000000,0.005000,4175.000000,0.989000,4175.100000,1.154000,4175.200000,1.874000,4175.300000,2.742000,4175.400000,0.071000,4175.500000,5.114000,4175.600000,0.377000,4175.700000,285.267000,4175.800000,0.865000,4175.900000,0.389000
1758739062.8096957,171694100773,4175.200000,40.619000,4175.100000,0.023000,4174.900000,10.622000,4174.800000,4.831000,4174.700000,0.002000,4174.600000,0.007000,4174.500000,0.382000,4174.400000,0.479000,4174.300000,0.010000,4174.200000,0.487000,4175.300000,10.525000,4175.400000,0.071000,4175.500000,0.089000,4175.600000,0.412000,4175.700000,285.267000,4175.800000,0.865000,4175.900000,0.389000,4176.000000,1.042000,4176.100000,1.107000,4176.200000,0.350000
1758739063.2617595,171694102556,4175.200000,31.708000,4175.100000,0.023000,4174.900000,10.602000,4174.800000,4.831000,4174.700000,0.002000,4174.600000,0.007000,4174.500000,0.382000,4174.400000,0.479000,4174.300000,0.010000,4174.200000,0.487000,4175.300000,11.075000,4175.400000,0.071000,4175.500000,0.089000,4175.600000,0.412000,4175.700000,285.267000,4175.800000,0.865000,4175.900000,0.389000,4176.000000,1.042000,4176.100000,1.107000,4176.200000,0.350000
1758739063.4797401,171694104057,4175.200000,31.807000,4175.100000,0.023000,4174.900000,10.602000,4174.800000,4.831000,4174.700000,0.002000,4174.600000,0.007000,4174.500000,0.382000,4174.400000,0.479000,4174.300000,0.010000,4174.200000,0.487000,4175.300000,11.075000,4175.400000,0.071000,4175.500000,0.089000,4175.600000,0.412000,4175.700000,285.267000,4175.800000,0.865000,4175.900000,0.389000,4176.000000,1.042000,4176.100000,1.107000,4176.200000,0.350000
1758739063.8019326,171694105828,4175.200000,32.201000,4175.100000,0.023000,4174.900000,10.165000,4174.800000,4.831000,4174.700000,0.002000,4174.600000,0.007000,4174.500000,0.382000,4174.400000,0.479000,4174.300000,0.010000,4174.200000,0.487000,4175.300000,11.048000,4175.400000,0.071000,4175.500000,0.089000,4175.600000,0.412000,4175.700000,285.267000,4175.800000,0.865000,4175.900000,0.389000,4176.000000,1.042000,4176.100000,1.107000,4176.200000,0.350000
1758739064.2310789,171694108855,4175.200000,32.405000,4175.100000,0.023000,4174.900000,9.889000,4174.800000,4.831000,4174.700000,0.002000,4174.600000,0.007000,4174.500000,0.382000,4174.400000,0.479000,4174.300000,0.010000,4174.200000,0.487000,4175.300000,11.048000,4175.400000,0.071000,4175.500000,0.089000,4175.600000,0.412000,4175.700000,285.267000,4175.800000,0.865000,4175.900000,0.389000,4176.000000,1.042000,4176.100000,1.107000,4176.200000,0.350000
1758739064.4999619,171694109416,4175.200000,32.133000,4175.100000,0.023000,4174.900000,9.889000,4174.800000,4.831000,4174.700000,0.002000,4174.600000,0.007000,4174.500000,0.382000,4174.400000,0.499000,4174.300000,0.010000,4174.200000,0.487000,4175.300000,11.048000,4175.400000,0.071000,4175.500000,0.089000,4175.600000,0.412000,4175.700000,285.267000,4175.800000,0.865000,4175.900000,0.389000,4176.000000,1.042000,4176.100000,1.107000,4176.200000,0.350000
1758739064.7673523,171694112090,4175.200000,32.087000,4175.100000,0.023000,4174.900000,9.889000,4174.800000,4.831000,4174.700000,0.002000,4174.600000,0.007000,4174.500000,0.382000,4174.400000,0.499000,4174.300000,0.010000,4174.200000,0.487000,4175.300000,10.361000,4175.400000,0.071000,4175.500000,0.089000,4175.600000,0.412000,4175.700000,285.267000,4175.800000,0.865000,4175.900000,0.389000,4176.000000,1.062000,4176.100000,1.107000,4176.200000,0.350000
1758739065.1660876,171694113737,4175.200000,32.107000,4175.100000,0.023000,4175.000000,11.353000,4174.900000,9.839000,4174.800000,4.831000,4174.700000,0.002000,4174.600000,0.007000,4174.500000,0.382000,4174.400000,0.499000,4174.300000,0.010000,4175.300000,5.336000,4175.400000,0.071000,4175.500000,0.089000,4175.600000,0.412000,4175.700000,290.292000,4175.800000,0.865000,4175.900000,0.389000,4176.000000,1.062000,4176.100000,1.107000,4176.200000,0.350000
1758739065.3478315,171694115400,4175.200000,32.151000,4175.100000,0.023000,4175.000000,11.353000,4174.900000,9.444000,4174.800000,4.831000,4174.700000,0.002000,4174.600000,0.007000,4174.500000,0.382000,4174.400000,0.499000,4174.300000,0.010000,4175.300000,5.356000,4175.400000,0.071000,4175.500000,0.089000,4175.600000,0.412000,4175.700000,290.292000,4175.800000,0.865000,4175.900000,0.389000,4176.000000,1.062000,4176.100000,1.107000,4176.200000,0.350000
1758739065.6424348,171694117095,4175.200000,32.523000,4175.100000,0.023000,4175.000000,11.353000,4174.900000,9.444000,4174.800000,4.831000,4174.700000,0.002000,4174.600000,0.007000,4174.500000,0.382000,4174.400000,0.499000,4174.300000,0.010000,4175.300000,5.343000,4175.400000,0.071000,4175.500000,0.089000,4175.600000,0.412000,4175.700000,290.292000,4175.800000,0.865000,4175.900000,0.389000,4176.000000,1.062000,4176.100000,1.107000,4176.200000,0.350000
1758739065.9091544,171694118294,4175.200000,34.449000,4175.100000,0.023000,4175.000000,11.353000,4174.900000,9.444000,4174.800000,4.831000,4174.700000,0.002000,4174.600000,0.007000,4174.500000,0.382000,4174.400000,0.499000,4174.300000,0.010000,4175.300000,10.358000,4175.400000,0.071000,4175.500000,0.089000,4175.600000,0.412000,4175.700000,285.247000,4175.800000,0.865000,4175.900000,0.389000,4176.000000,1.062000,4176.100000,1.107000,4176.200000,0.350000
1758739066.3685038,171694120626,4175.200000,34.177000,4175.100000,0.023000,4175.000000,11.353000,4174.900000,9.444000,4174.800000,4.831000,4174.700000,0.002000,4174.600000,0.007000,4174.500000,0.382000,4174.400000,0.499000,4174.300000,0.010000,4175.300000,0.020000,4175.400000,0.071000,4175.500000,0.089000,4175.600000,0.412000,4175.700000,285.247000,4175.800000,0.865000,4175.900000,0.389000,4176.000000,1.062000,4176.100000,1.107000,4176.200000,0.350000
1758739066.6709602,171694122899,4175.200000,34.149000,4175.100000,0.023000,4175.000000,11.353000,4174.900000,9.444000,4174.800000,5.070000,4174.700000,0.002000,4174.600000,0.007000,4174.500000,0.382000,4174.400000,0.499000,4174.300000,0.010000,4175.300000,0.001000,4175.400000,0.071000,4175.500000,0.089000,4175.600000,0.412000,4175.700000,285.247000,4175.800000,0.865000,4175.900000,0.389000,4176.000000,1.062000,4176.100000,1.107000,4176.200000,0.350000
1758739066.9084997,171694123737,4175.300000,14.729000,4175.200000,3.204000,4175.100000,0.023000,4175.000000,11.353000,4174.900000,9.414000,4174.800000,5.070000,4174.700000,0.002000,4174.600000,0.007000,4174.500000,0.382000,4174.400000,0.499000,4175.400000,25.954000,4175.500000,0.089000,4175.600000,0.412000,4175.700000,285.247000,4175.800000,0.865000,4175.900000,0.389000,4176.000000,1.062000,4176.100000,1.107000,4176.200000,0.350000,4176.300000,4.437000
1758739067.3461287,171694126526,4175.300000,14.838000,4175.200000,3.204000,4175.100000,0.023000,4175.000000,11.353000,4174.900000,9.414000,4174.800000,5.070000,4174.700000,0.002000,4174.600000,0.007000,4174.500000,0.382000,4174.400000,0.499000,4175.400000,25.954000,4175.500000,0.089000,4175.600000,0.412000,4175.700000,0.610000,4175.800000,0.865000,4175.900000,0.389000,4176.000000,1.062000,4176.100000,1.107000,4176.200000,0.350000,4176.300000,4.437000
1758739067.622852,171694128137,4175.300000,12.693000,4175.200000,2.770000,4175.100000,0.023000,4175.000000,11.353000,4174.900000,9.414000,4174.800000,5.070000,4174.700000,0.002000,4174.600000,0.007000,4174.500000,0.382000,4174.400000,0.499000,4175.400000,30.860000,4175.500000,0.089000,4175.600000,285.052000,4175.700000,0.610000,4175.800000,0.865000,4175.900000,0.389000,4176.000000,1.062000,4176.100000,1.107000,4176.200000,0.350000,4176.300000,4.437000
1758739067.8779173,171694129323,4175.300000,11.466000,4175.200000,2.747000,4175.100000,0.023000,4175.000000,11.353000,4174.900000,9.414000,4174.800000,5.070000,4174.700000,0.002000,4174.600000,0.007000,4174.500000,0.382000,4174.400000,0.499000,4175.400000,30.851000,4175.500000,0.089000,4175.600000,285.052000,4175.700000,0.610000,4175.800000,0.865000,4175.900000,0.389000,4176.000000,1.062000,4176.100000,1.107000,4176.200000,0.350000,4176.300000,4.437000
1758739068.1575122,171694131053,4175.300000,11.347000,4175.200000,2.697000,4175.100000,0.023000,4175.000000,11.353000,4174.900000,9.414000,4174.800000,5.070000,4174.700000,0.002000,4174.600000,0.007000,4174.500000,0.382000,4174.400000,0.499000,4175.400000,30.851000,4175.500000,0.089000,4175.600000,285.052000,4175.700000,0.610000,4175.800000,0.865000,4175.900000,0.389000,4176.000000,1.062000,4176.100000,1.107000,4176.200000,0.350000,4176.300000,4.437000
1758739068.5197103,171694133345,4175.300000,11.421000,4175.200000,2.006000,4175.100000,0.023000,4175.000000,11.353000,4174.900000,9.414000,4174.800000,5.070000,4174.700000,0.002000,4174.600000,0.389000,4174.400000,0.499000,4174.300000,0.010000,4175.400000,30.844000,4175.500000,0.089000,4175.600000,285.052000,4175.700000,0.610000,4175.800000,0.865000,4175.900000,0.389000,4176.000000,1.062000,4176.100000,1.107000,4176.200000,0.350000,4176.300000,4.437000
1758739068.7792394,171694134277,4175.300000,11.638000,4175.200000,2.006000,4175.100000,0.023000,4175.000000,11.353000,4174.900000,9.414000,4174.800000,5.070000,4174.700000,0.002000,4174.600000,0.389000,4174.400000,0.499000,4174.300000,0.010000,4175.400000,30.819000,4175.500000,0.089000,4175.600000,285.052000,4175.700000,0.610000,4175.800000,0.865000,4175.900000,0.389000,4176.000000,1.062000,4176.100000,1.107000,4176.200000,0.350000,4176.300000,4.437000
1758739069.4534502,171694136936,4175.300000,11.638000,4175.200000,2.006000,4175.100000,0.023000,4175.000000,11.353000,4174.900000,9.414000,4174.800000,5.070000,4174.700000,0.002000,4174.600000,0.389000,4174.400000,0.499000,4174.300000,0.010000,4175.400000,30.700000,4175.500000,0.089000,4175.600000,285.052000,4175.700000,0.610000,4175.800000,0.865000,4175.900000,0.389000,4176.000000,1.062000,4176.100000,1.107000,4176.200000,0.350000,4176.300000,4.437000
1758739069.7602913,171694139453,4175.300000,11.588000,4175.200000,2.006000,4175.100000,0.023000,4175.000000,11.353000,4174.900000,9.414000,4174.800000,5.070000,4174.700000,0.002000,4174.600000,0.389000,4174.400000,0.499000,4174.300000,0.010000,4175.400000,30.650000,4175.500000,0.089000,4175.600000,285.052000,4175.700000,0.610000,4175.800000,0.865000,4175.900000,0.389000,4176.000000,1.062000,4176.100000,1.107000,4176.200000,0.350000,4176.300000,4.437000
1758739070.0876677,171694141584,4175.300000,11.608000,4175.200000,2.006000,4175.100000,0.023000,4175.000000,11.353000,4174.900000,9.314000,4174.800000,5.070000,4174.700000,0.002000,4174.600000,0.389000,4174.400000,0.499000,4174.300000,0.010000,4175.400000,30.650000,4175.500000,0.089000,4175.600000,285.052000,4175.700000,0.610000,4175.800000,0.865000,4175.900000,0.389000,4176.000000,1.062000,4176.100000,1.107000,4176.200000,0.350000,4176.300000,4.437000
1758739070.5488653,171694143891,4175.300000,11.412000,4175.200000,2.006000,4175.100000,0.023000,4175.000000,11.353000,4174.900000,9.314000,4174.800000,5.070000,4174.700000,0.002000,4174.600000,0.389000,4174.400000,0.499000,4174.300000,0.010000,4175.400000,67.250000,4175.500000,0.089000,4175.600000,285.052000,4175.700000,0.610000,4175.800000,0.865000,4175.900000,0.389000,4176.000000,1.062000,4176.100000,1.107000,4176.200000,0.350000,4176.300000,4.437000
1758739070.8729522,171694144927,4175.300000,11.383000,4175.200000,2.006000,4175.100000,0.023000,4175.000000,11.353000,4174.900000,9.314000,4174.800000,5.070000,4174.700000,0.002000,4174.600000,0.389000,4174.400000,0.499000,4174.300000,0.010000,4175.400000,62.196000,4175.500000,0.089000,4175.600000,285.052000,4175.700000,0.610000,4175.800000,5.890000,4175.900000,0.389000,4176.000000,1.062000,4176.100000,1.107000,4176.200000,0.350000,4176.300000,4.437000
1758739071.2916481,171694147068,4175.300000,11.383000,4175.200000,2.006000,4175.100000,0.023000,4175.000000,11.353000,4174.900000,9.314000,4174.800000,5.070000,4174.700000,0.002000,4174.600000,0.389000,4174.400000,0.499000,4174.300000,0.010000,4175.400000,67.221000,4175.500000,0.089000,4175.600000,285.052000,4175.700000,0.610000,4175.800000,0.865000,4175.900000,0.389000,4176.000000,1.062000,4176.100000,1.107000,4176.200000,0.350000,4176.300000,4.437000
1758739071.5897763,171694150274,4175.300000,11.513000,4175.200000,2.006000,4175.100000,0.023000,4175.000000,11.353000,4174.900000,9.069000,4174.800000,5.070000,4174.700000,0.002000,4174.600000,0.389000,4174.400000,0.499000,4174.300000,0.010000,4175.400000,67.221000,4175.500000,0.089000,4175.600000,285.052000,4175.700000,0.610000,4175.800000,0.865000,4175.900000,0.389000,4176.000000,0.985000,4176.100000,1.107000,4176.200000,0.350000,4176.300000,4.437000
1758739071.8625617,171694151939,4175.300000,11.196000,4175.200000,2.029000,4175.100000,0.007000,4175.000000,11.735000,4174.900000,9.548000,4174.800000,0.284000,4174.700000,0.002000,4174.600000,0.009000,4174.500000,0.500000,4174.400000,0.499000,4175.400000,62.172000,4175.500000,0.041000,4175.600000,0.136000,4175.700000,0.403000,4175.800000,5.752000,4175.900000,0.368000,4176.000000,1.008000,4176.100000,285.727000,4176.200000,0.350000,4176.300000,4.437000
1758739072.236714,171694153700,4175.300000,37.422000,4175.200000,2.029000,4175.100000,0.009000,4175.000000,11.735000,4174.900000,1.548000,4174.800000,0.284000,4174.600000,0.009000,4174.500000,0.500000,4174.400000,0.499000,4174.300000,0.010000,4175.400000,31.553000,4175.500000,0.036000,4175.600000,0.136000,4175.700000,0.380000,4175.800000,7.852000,4175.900000,0.368000,4176.000000,0.990000,4176.100000,285.727000,4176.200000,0.350000,4176.300000,4.437000
1758739072.4461381,171694155548,4175.300000,42.231000,4175.200000,2.006000,4175.100000,0.249000,4175.000000,11.735000,4174.900000,1.548000,4174.800000,0.284000,4174.600000,0.009000,4174.500000,0.500000,4174.400000,0.499000,4174.300000,0.010000,4175.400000,25.570000,4175.500000,0.036000,4175.600000,0.136000,4175.700000,0.380000,4175.800000,2.827000,4175.900000,0.368000,4176.000000,0.990000,4176.100000,285.727000,4176.200000,0.350000,4176.300000,4.437000
1758739072.7391255,171694157460,4175.300000,42.202000,4175.200000,2.006000,4175.100000,0.249000,4175.000000,11.735000,4174.900000,1.548000,4174.800000,0.284000,4174.600000,0.009000,4174.500000,0.500000,4174.400000,0.499000,4174.300000,0.438000,4175.400000,25.269000,4175.500000,0.036000,4175.600000,0.136000,4175.700000,0.380000,4175.800000,2.827000,4175.900000,0.414000,4176.000000,1.105000,4176.100000,290.844000,4176.200000,0.373000,4176.300000,4.437000
1758739073.0057788,171694157974,4175.300000,42.202000,4175.200000,2.006000,4175.100000,0.249000,4175.000000,11.735000,4174.900000,1.548000,4174.800000,0.284000,4174.600000,0.009000,4174.500000,0.500000,4174.400000,0.499000,4174.300000,0.438000,4175.400000,30.294000,4175.500000,0.036000,4175.600000,0.136000,4175.700000,0.380000,4175.800000,2.827000,4175.900000,0.414000,4176.000000,1.105000,4176.100000,285.819000,4176.200000,0.373000,4176.300000,4.437000
1758739073.283464,171694160146,4175.300000,42.202000,4175.200000,2.006000,4175.100000,0.249000,4175.000000,11.735000,4174.900000,1.548000,4174.800000,0.284000,4174.600000,0.009000,4174.500000,0.500000,4174.400000,0.499000,4174.300000,0.438000,4175.400000,30.294000,4175.500000,0.036000,4175.600000,0.136000,4175.700000,0.380000,4175.800000,2.827000,4175.900000,0.414000,4176.000000,1.105000,4176.100000,285.819000,4176.200000,0.373000,4176.300000,4.437000
1758739073.7216072,171694163490,4175.300000,42.176000,4175.200000,2.006000,4175.100000,0.249000,4175.000000,256.742000,4174.900000,1.548000,4174.800000,0.284000,4174.600000,0.009000,4174.500000,0.500000,4174.400000,0.499000,4174.300000,0.438000,4175.400000,30.260000,4175.500000,0.036000,4175.600000,0.136000,4175.700000,0.380000,4175.800000,2.827000,4175.900000,0.414000,4176.000000,1.266000,4176.100000,285.934000,4176.200000,0.488000,4176.300000,4.437000
1758739074.0405314,171694164430,4175.300000,42.156000,4175.200000,2.006000,4175.100000,0.249000,4175.000000,256.742000,4174.900000,1.548000,4174.800000,0.284000,4174.600000,0.009000,4174.500000,0.500000,4174.400000,0.499000,4174.300000,0.438000,4175.400000,30.260000,4175.500000,0.036000,4175.600000,0.136000,4175.700000,0.380000,4175.800000,2.827000,4175.900000,0.414000,4176.000000,1.266000,4176.100000,285.957000,4176.200000,0.488000,4176.300000,4.460000
1758739074.3743484,171694166206,4175.300000,42.176000,4175.200000,2.006000,4175.100000,0.249000,4175.000000,256.742000,4174.900000,0.728000,4174.800000,0.284000,4174.600000,0.009000,4174.500000,0.500000,4174.400000,0.499000,4174.300000,0.438000,4175.400000,25.215000,4175.500000,0.036000,4175.600000,0.136000,4175.700000,0.380000,4175.800000,2.827000,4175.900000,0.414000,4176.000000,6.291000,4176.100000,285.957000,4176.200000,0.488000,4176.300000,4.460000
1758739074.6306446,171694167914,4175.300000,42.160000,4175.200000,2.006000,4175.100000,0.249000,4175.000000,256.742000,4174.900000,0.728000,4174.800000,0.284000,4174.600000,0.009000,4174.500000,0.500000,4174.400000,0.499000,4174.300000,0.438000,4175.400000,25.187000,4175.500000,0.036000,4175.600000,0.136000,4175.700000,0.380000,4175.800000,2.827000,4175.900000,0.414000,4176.000000,1.266000,4176.100000,285.957000,4176.200000,0.488000,4176.300000,4.460000
1758739074.8834047,171694168759,4175.300000,42.078000,4175.200000,2.006000,4175.100000,0.249000,4175.000000,256.742000,4174.900000,0.728000,4174.800000,0.284000,4174.600000,0.009000,4174.500000,0.500000,4174.400000,0.499000,4174.300000,0.438000,4175.400000,24.915000,4175.500000,0.036000,4175.600000,0.136000,4175.700000,0.380000,4175.800000,2.827000,4175.900000,0.414000,4176.000000,6.291000,4176.100000,285.957000,4176.200000,0.488000,4176.300000,4.460000
1758739075.2235208,171694170466,4175.300000,49.767000,4175.200000,2.006000,4175.100000,0.249000,4175.000000,245.389000,4174.900000,0.728000,4174.800000,0.284000,4174.600000,0.009000,4174.500000,0.500000,4174.400000,0.499000,4174.300000,0.438000,4175.400000,24.915000,4175.500000,0.036000,4175.600000,0.136000,4175.700000,0.380000,4175.800000,2.827000,4175.900000,0.414000,4176.000000,6.291000,4176.100000,285.957000,4176.200000,0.488000,4176.300000,4.460000
1758739075.511261,171694171159,4175.300000,50.162000,4175.200000,2.006000,4175.100000,0.249000,4175.000000,245.389000,4174.900000,0.728000,4174.800000,0.284000,4174.600000,0.009000,4174.500000,0.500000,4174.400000,0.499000,4174.300000,0.438000,4175.400000,24.935000,4175.500000,0.036000,4175.600000,5.161000,4175.700000,0.380000,4175.800000,2.827000,4175.900000,0.414000,4176.000000,1.266000,4176.100000,285.957000,4176.200000,0.488000,4176.300000,4.460000
1758739075.8863187,171694173187,4175.300000,50.140000,4175.200000,2.006000,4175.100000,0.249000,4175.000000,245.389000,4174.900000,0.728000,4174.800000,0.284000,4174.600000,0.009000,4174.500000,0.500000,4174.400000,0.499000,4174.300000,0.438000,4175.400000,24.913000,4175.500000,0.036000,4175.600000,0.136000,4175.700000,0.380000,4175.800000,2.827000,4175.900000,0.414000,4176.000000,1.266000,4176.100000,290.982000,4176.200000,0.488000,4176.300000,4.460000
1758739076.7325683,171694178683,4175.300000,50.088000,4175.200000,2.006000,4175.100000,0.249000,4175.000000,245.389000,4174.900000,0.728000,4174.800000,0.284000,4174.600000,0.009000,4174.500000,0.500000,4174.400000,0.499000,4174.300000,0.438000,4175.400000,24.884000,4175.500000,0.036000,4175.600000,0.136000,4175.700000,0.380000,4175.800000,0.727000,4175.900000,0.414000,4176.000000,1.266000,4176.100000,290.982000,4176.200000,0.488000,4176.300000,4.460000
1758739077.0449007,171694180493,4175.300000,50.088000,4175.200000,1.906000,4175.100000,0.249000,4175.000000,245.389000,4174.900000,0.728000,4174.800000,0.288000,4174.600000,0.009000,4174.500000,0.500000,4174.400000,0.499000,4174.300000,0.438000,4175.400000,24.612000,4175.500000,0.036000,4175.600000,0.136000,4175.700000,0.380000,4175.800000,0.727000,4175.900000,0.414000,4176.000000,1.266000,4176.100000,290.982000,4176.200000,0.488000,4176.300000,4.460000
1758739077.8746674,171694185798,4175.300000,50.066000,4175.200000,1.906000,4175.100000,0.249000,4175.000000,245.389000,4174.900000,0.728000,4174.800000,0.288000,4174.600000,0.009000,4174.500000,0.500000,4174.400000,0.499000,4174.300000,0.438000,4175.400000,24.590000,4175.500000,0.036000,4175.600000,0.136000,4175.700000,0.380000,4175.800000,0.727000,4175.900000,0.414000,4176.000000,1.266000,4176.100000,290.982000,4176.200000,0.488000,4176.300000,4.460000
1758739078.294897,171694187935,4175.300000,55.116000,4175.200000,1.906000,4175.100000,0.249000,4175.000000,245.389000,4174.900000,0.728000,4174.800000,0.288000,4174.600000,0.009000,4174.500000,0.500000,4174.400000,0.499000,4174.300000,0.438000,4175.400000,24.571000,4175.500000,0.036000,4175.600000,0.136000,4175.700000,0.380000,4175.800000,0.727000,4175.900000,0.414000,4176.000000,1.266000,4176.100000,285.957000,4176.200000,0.488000,4176.300000,4.460000
1758739078.5622354,171694189812,4175.300000,55.166000,4175.200000,1.906000,4175.100000,0.249000,4175.000000,245.389000,4174.900000,0.728000,4174.800000,0.288000,4174.600000,0.009000,4174.500000,0.500000,4174.400000,0.499000,4174.300000,0.438000,4175.400000,24.571000,4175.500000,0.036000,4175.600000,0.136000,4175.700000,0.380000,4175.800000,0.727000,4175.900000,0.414000,4176.000000,1.266000,4176.100000,285.957000,4176.200000,0.488000,4176.300000,4.460000
1758739078.8737605,171694190782,4175.300000,55.143000,4175.200000,1.906000,4175.100000,0.249000,4175.000000,245.389000,4174.900000,0.728000,4174.800000,0.288000,4174.600000,0.009000,4174.500000,0.500000,4174.400000,0.499000,4174.300000,0.438000,4175.400000,24.548000,4175.500000,5.061000,4175.600000,0.136000,4175.700000,0.380000,4175.800000,0.727000,4175.900000,0.414000,4176.000000,1.266000,4176.100000,285.957000,4176.200000,0.488000,4176.300000,4.460000
1758739079.3907661,171694193778,4175.300000,55.143000,4175.200000,1.906000,4175.100000,0.249000,4175.000000,245.389000,4174.900000,0.728000,4174.800000,0.288000,4174.600000,0.009000,4174.500000,0.500000,4174.400000,0.499000,4174.300000,0.438000,4175.400000,22.976000,4175.500000,0.036000,4175.600000,0.136000,4175.700000,0.380000,4175.800000,0.727000,4175.900000,0.414000,4176.000000,1.266000,4176.100000,285.957000,4176.200000,0.488000,4176.300000,9.485000
1758739079.8692453,171694197334,4175.300000,55.117000,4175.200000,1.906000,4175.100000,0.249000,4175.000000,245.007000,4174.900000,0.728000,4174.800000,0.288000,4174.600000,0.009000,4174.500000,0.500000,4174.400000,0.499000,4174.300000,0.010000,4175.400000,22.942000,4175.500000,0.036000,4175.600000,0.136000,4175.700000,0.380000,4175.800000,0.727000,4175.900000,5.439000,4176.000000,3.366000,4176.100000,285.957000,4176.200000,0.488000,4176.300000,4.460000
1758739080.182788,171694199110,4175.300000,55.117000,4175.200000,1.906000,4175.100000,0.249000,4175.000000,245.389000,4174.900000,0.728000,4174.800000,0.288000,4174.600000,0.009000,4174.500000,0.500000,4174.400000,0.499000,4174.300000,0.010000,4175.400000,22.942000,4175.500000,0.036000,4175.600000,0.136000,4175.700000,0.380000,4175.800000,5.752000,4175.900000,2.514000,4176.000000,3.366000,4176.100000,285.957000,4176.200000,0.488000,4176.300000,4.460000
1758739080.657495,171694201709,4175.300000,53.803000,4175.200000,1.906000,4175.100000,0.249000,4175.000000,245.389000,4174.900000,0.728000,4174.800000,0.288000,4174.600000,0.009000,4174.500000,0.500000,4174.400000,0.499000,4174.300000,0.438000,4175.400000,27.938000,4175.500000,0.036000,4175.600000,0.136000,4175.700000,0.380000,4175.800000,0.727000,4175.900000,2.514000,4176.000000,3.366000,4176.100000,285.957000,4176.200000,0.488000,4176.300000,4.460000
1758739080.9074297,171694201992,4175.300000,54.338000,4175.200000,1.906000,4175.100000,0.249000,4175.000000,245.389000,4174.900000,0.728000,4174.800000,0.288000,4174.600000,0.009000,4174.500000,0.500000,4174.400000,0.499000,4174.300000,0.438000,4175.400000,26.981000,4175.500000,0.036000,4175.600000,0.136000,4175.700000,0.380000,4175.800000,0.727000,4175.900000,2.514000,4176.000000,3.366000,4176.100000,285.957000,4176.200000,0.488000,4176.300000,4.460000
1758739081.335419,171694205879,4175.300000,54.311000,4175.200000,1.906000,4175.100000,0.242000,4175.000000,245.396000,4174.900000,0.728000,4174.800000,0.288000,4174.600000,0.009000,4174.500000,0.500000,4174.400000,0.499000,4174.300000,0.438000,4175.400000,21.684000,4175.500000,0.036000,4175.600000,5.161000,4175.700000,0.380000,4175.800000,0.727000,4175.900000,2.468000,4176.000000,10.256000,4176.100000,1.153000,4176.200000,285.024000,4176.300000,4.437000
1758739081.6014068,171694207596,4175.300000,54.261000,4175.200000,1.906000,4175.100000,0.242000,4175.000000,245.396000,4174.900000,0.728000,4174.800000,0.288000,4174.600000,0.009000,4174.500000,0.500000,4174.400000,0.499000,4174.300000,0.438000,4175.400000,21.684000,4175.500000,0.036000,4175.600000,0.136000,4175.700000,0.380000,4175.800000,0.727000,4175.900000,2.468000,4176.000000,10.256000,4176.100000,1.153000,4176.200000,285.024000,4176.300000,4.437000
1758739081.860594,171694210303,4175.800000,15.251000,4175.500000,26.181000,4175.400000,0.035000,4175.300000,12.206000,4175.200000,1.906000,4175.100000,0.242000,4175.000000,245.396000,4174.900000,0.479000,4174.800000,0.253000,4174.700000,0.037000,4175.900000,1.459000,4176.000000,5.231000,4176.100000,1.291000,4176.200000,285.116000,4176.300000,4.541000,4176.400000,0.894000,4176.500000,0.457000,4176.600000,7.330000,4176.700000,0.086000,4176.800000,4.143000
1758739082.113476,171694211806,4175.800000,35.218000,4175.500000,0.272000,4175.400000,0.035000,4175.300000,12.578000,4175.200000,1.906000,4175.100000,0.242000,4175.000000,245.396000,4174.900000,0.479000,4174.800000,0.253000,4174.700000,0.037000,4175.900000,12.407000,4176.000000,5.867000,4176.100000,1.291000,4176.200000,285.139000,4176.300000,4.541000,4176.400000,0.894000,4176.500000,0.457000,4176.600000,2.305000,4176.700000,0.086000,4176.800000,4.143000
1758739082.5079527,171694214552,4175.800000,35.233000,4175.500000,0.272000,4175.400000,23.563000,4175.300000,12.028000,4175.200000,1.906000,4175.100000,0.242000,4175.000000,245.396000,4174.900000,0.479000,4174.800000,0.243000,4174.700000,0.037000,4175.900000,12.190000,4176.000000,5.867000,4176.100000,1.291000,4176.200000,285.139000,4176.300000,4.541000,4176.400000,0.894000,4176.500000,0.457000,4176.600000,2.305000,4176.700000,0.086000,4176.800000,4.143000
1758739082.7768674,171694216451,4175.800000,35.485000,4175.500000,0.272000,4175.400000,34.915000,4175.300000,11.652000,4175.200000,1.906000,4175.100000,0.242000,4175.000000,245.396000,4174.900000,0.479000,4174.800000,0.243000,4174.700000,0.037000,4175.900000,12.145000,4176.000000,5.913000,4176.100000,1.383000,4176.200000,285.208000,4176.300000,4.541000,4176.400000,0.894000,4176.500000,0.457000,4176.600000,2.305000,4176.700000,0.086000,4176.800000,4.143000
1758739083.1839628,171694217987,4175.800000,35.585000,4175.500000,0.272000,4175.400000,34.915000,4175.300000,11.652000,4175.200000,1.906000,4175.100000,0.242000,4175.000000,245.396000,4174.900000,0.479000,4174.800000,0.243000,4174.700000,0.037000,4175.900000,12.145000,4176.000000,3.813000,4176.100000,1.383000,4176.200000,285.208000,4176.300000,4.541000,4176.400000,0.894000,4176.500000,0.457000,4176.600000,2.305000,4176.700000,0.086000,4176.800000,4.143000
1758739083.5225441,171694221745,4175.800000,35.256000,4175.500000,0.272000,4175.400000,34.915000,4175.300000,11.612000,4175.200000,1.906000,4175.100000,0.242000,4175.000000,245.396000,4174.900000,0.479000,4174.800000,0.243000,4174.700000,0.037000,4175.900000,10.988000,4176.000000,3.813000,4176.100000,1.383000,4176.200000,285.208000,4176.300000,4.541000,4176.400000,0.894000,4176.500000,0.457000,4176.600000,2.305000,4176.700000,0.086000,4176.800000,4.143000
1758739083.7866375,171694223443,4175.800000,35.348000,4175.600000,0.023000,4175.500000,0.249000,4175.400000,34.915000,4175.300000,11.371000,4175.200000,1.906000,4175.100000,0.242000,4175.000000,245.014000,4174.900000,0.481000,4174.800000,0.243000,4175.900000,135.109000,4176.000000,3.813000,4176.100000,1.383000,4176.200000,0.603000,4176.300000,4.541000,4176.400000,0.894000,4176.500000,0.457000,4176.600000,2.305000,4176.700000,0.086000,4176.800000,4.143000
1758739084.0421405,171694225697,4175.500000,0.138000,4175.400000,11.387000,4175.300000,11.371000,4175.200000,1.906000,4175.100000,10.781000,4175.000000,268.542000,4174.900000,0.486000,4174.800000,0.245000,4174.700000,0.037000,4174.600000,0.389000,4175.800000,0.002000,4175.900000,455.809000,4176.000000,3.790000,4176.100000,1.222000,4176.200000,0.442000,4176.300000,4.472000,4176.400000,1.371000,4176.500000,0.457000,4176.600000,2.305000,4176.700000,0.086000
1758739084.2900324,171694227213,4175.500000,0.180000,4175.400000,11.352000,4175.300000,6.585000,4175.200000,1.906000,4175.100000,0.547000,4175.000000,278.834000,4174.900000,0.486000,4174.800000,0.245000,4174.700000,0.037000,4174.600000,0.389000,4175.600000,136.600000,4175.700000,284.636000,4175.800000,0.002000,4175.900000,28.958000,4176.000000,3.825000,4176.100000,1.222000,4176.200000,0.442000,4176.300000,4.437000,4176.400000,1.371000,4176.500000,0.457000
1758739084.5477662,171694228839,4175.400000,11.640000,4175.300000,6.585000,4175.200000,1.906000,4175.100000,0.547000,4175.000000,278.834000,4174.900000,0.486000,4174.800000,0.245000,4174.700000,0.037000,4174.600000,0.389000,4174.400000,0.520000,4175.600000,99.453000,4175.700000,284.636000,4175.800000,0.002000,4175.900000,0.472000,4176.000000,1.725000,4176.100000,1.222000,4176.200000,0.442000,4176.300000,4.437000,4176.400000,1.371000,4176.500000,0.457000
1758739084.8127542,171694230454,4175.500000,18.820000,4175.400000,11.369000,4175.300000,6.515000,4175.200000,1.906000,4175.100000,0.547000,4175.000000,268.542000,4174.900000,0.486000,4174.800000,0.245000,4174.700000,0.037000,4174.600000,0.389000,4175.600000,136.802000,4175.700000,284.705000,4175.800000,0.048000,4175.900000,0.442000,4176.000000,1.656000,4176.100000,1.107000,4176.200000,0.350000,4176.300000,4.437000,4176.400000,1.371000,4176.500000,0.457000
1758739085.0977485,171694231973,4175.500000,18.896000,4175.400000,11.363000,4175.300000,6.120000,4175.200000,1.906000,4175.100000,0.547000,4175.000000,268.542000,4174.900000,0.486000,4174.800000,0.245000,4174.700000,0.037000,4174.600000,0.389000,4175.600000,136.802000,4175.700000,284.705000,4175.800000,0.048000,4175.900000,0.442000,4176.000000,1.656000,4176.100000,1.107000,4176.200000,0.350000,4176.300000,4.437000,4176.400000,1.371000,4176.500000,0.457000
1758739085.3949482,171694233173,4175.500000,19.291000,4175.400000,11.363000,4175.300000,6.120000,4175.200000,1.906000,4175.100000,0.547000,4175.000000,268.542000,4174.900000,0.486000,4174.800000,0.245000,4174.700000,0.037000,4174.600000,0.389000,4175.600000,136.822000,4175.700000,284.705000,4175.800000,0.048000,4175.900000,0.442000,4176.000000,1.656000,4176.100000,1.107000,4176.200000,0.350000,4176.300000,4.437000,4176.400000,1.371000,4176.500000,0.457000
1758739085.676021,171694235964,4175.500000,19.827000,4175.400000,11.363000,4175.300000,6.120000,4175.200000,1.929000,4175.100000,0.524000,4175.000000,268.542000,4174.900000,0.486000,4174.800000,0.245000,4174.700000,0.037000,4174.600000,0.389000,4175.600000,136.557000,4175.700000,284.705000,4175.800000,0.048000,4175.900000,0.442000,4176.000000,1.656000,4176.100000,1.107000,4176.200000,0.350000,4176.300000,4.437000,4176.400000,1.371000,4176.500000,0.457000
1758739085.9388106,171694237209,4175.500000,19.245000,4175.400000,11.386000,4175.300000,6.235000,4175.200000,2.044000,4175.100000,0.685000,4175.000000,268.542000,4174.900000,0.486000,4174.800000,0.245000,4174.700000,0.037000,4174.600000,0.389000,4175.600000,136.954000,4175.700000,284.705000,4175.800000,0.048000,4175.900000,0.028000,4176.000000,1.020000,4176.100000,1.107000,4176.200000,0.350000,4176.300000,4.437000,4176.400000,1.371000,4176.500000,0.457000
1758739086.2322028,171694239187,4175.500000,19.795000,4175.400000,11.386000,4175.300000,6.258000,4175.200000,2.044000,4175.100000,0.685000,4175.000000,268.542000,4174.900000,0.486000,4174.800000,0.245000,4174.700000,0.037000,4174.600000,0.389000,4175.600000,98.659000,4175.700000,284.705000,4175.800000,0.048000,4175.900000,0.005000,4176.000000,1.020000,4176.100000,1.107000,4176.200000,0.350000,4176.300000,4.437000,4176.400000,1.371000,4176.500000,0.457000
1758739086.5135198,171694241278,4175.500000,20.060000,4175.400000,11.386000,4175.300000,6.238000,4175.200000,2.044000,4175.100000,0.685000,4175.000000,268.542000,4174.900000,0.486000,4174.800000,0.245000,4174.700000,0.037000,4174.600000,0.389000,4175.600000,98.648000,4175.700000,284.705000,4175.800000,0.048000,4175.900000,0.005000,4176.000000,1.020000,4176.100000,1.107000,4176.200000,0.350000,4176.300000,4.437000,4176.400000,1.371000,4176.500000,0.457000
1758739086.877546,171694243764,4175.500000,19.483000,4175.400000,11.386000,4175.300000,6.238000,4175.200000,2.044000,4175.100000,0.685000,4175.000000,268.542000,4174.900000,0.486000,4174.800000,0.245000,4174.700000,0.037000,4174.600000,0.389000,4175.600000,98.641000,4175.700000,284.705000,4175.800000,0.048000,4175.900000,0.005000,4176.000000,1.020000,4176.100000,1.107000,4176.200000,0.350000,4176.300000,4.437000,4176.400000,1.371000,4176.500000,0.457000
1758739087.2392237,171694245795,4175.500000,20.063000,4175.400000,11.386000,4175.300000,6.238000,4175.200000,2.044000,4175.100000,0.685000,4175.000000,268.542000,4174.900000,0.486000,4174.800000,0.006000,4174.700000,0.037000,4174.600000,0.389000,4175.600000,87.398000,4175.700000,284.705000,4175.800000,0.048000,4175.900000,0.005000,4176.000000,12.259000,4176.100000,1.107000,4176.200000,0.350000,4176.300000,4.437000,4176.400000,1.371000,4176.500000,0.457000
1758739087.4350011,171694248393,4175.500000,45.963000,4175.400000,11.386000,4175.300000,6.238000,4175.200000,2.051000,4175.100000,0.924000,4175.000000,268.535000,4174.900000,0.486000,4174.800000,0.006000,4174.700000,0.037000,4174.600000,0.387000,4175.600000,6.007000,4175.700000,284.659000,4175.800000,0.046000,4176.000000,12.259000,4176.100000,1.109000,4176.200000,0.350000,4176.300000,4.437000,4176.400000,1.371000,4176.500000,0.457000,4176.600000,2.526000
1758739087.722412,171694250719,4175.500000,88.168000,4175.400000,11.391000,4175.300000,6.240000,4175.200000,2.021000,4175.100000,0.924000,4175.000000,268.535000,4174.900000,0.870000,4174.800000,0.004000,4174.700000,0.037000,4174.600000,0.005000,4175.600000,0.423000,4176.000000,12.259000,4176.100000,285.713000,4176.200000,0.355000,4176.300000,4.440000,4176.400000,0.873000,4176.500000,0.457000,4176.600000,2.526000,4176.700000,0.110000,4176.800000,4.143000
1758739087.992398,171694252638,4175.500000,87.684000,4175.400000,11.368000,4175.300000,6.102000,4175.200000,1.906000,4175.100000,0.763000,4175.000000,268.535000,4174.900000,0.870000,4174.800000,0.004000,4174.700000,0.037000,4174.600000,0.005000,4175.600000,0.451000,4175.700000,0.161000,4175.800000,0.161000,4175.900000,0.069000,4176.000000,12.282000,4176.100000,285.713000,4176.200000,0.355000,4176.300000,4.440000,4176.400000,0.880000,4176.500000,0.457000
1758739088.2909777,171694254567,4175.500000,87.424000,4175.400000,11.368000,4175.300000,6.102000,4175.200000,1.906000,4175.100000,0.763000,4175.000000,268.535000,4174.900000,0.870000,4174.800000,0.004000,4174.700000,0.037000,4174.600000,0.005000,4175.600000,0.154000,4175.700000,0.161000,4175.800000,0.161000,4175.900000,0.069000,4176.000000,12.282000,4176.100000,285.713000,4176.200000,0.355000,4176.300000,4.440000,4176.400000,0.880000,4176.500000,0.457000
1758739088.6979713,171694256931,4175.500000,87.800000,4175.400000,11.368000,4175.300000,6.102000,4175.200000,1.906000,4175.100000,0.763000,4175.000000,268.535000,4174.900000,0.870000,4174.800000,0.004000,4174.700000,0.037000,4174.600000,0.005000,4175.600000,0.135000,4175.700000,0.161000,4175.800000,0.161000,4175.900000,0.069000,4176.000000,12.282000,4176.100000,285.713000,4176.200000,0.355000,4176.300000,4.440000,4176.400000,0.880000,4176.500000,0.457000
1758739089.1048522,171694259592,4175.800000,11.783000,4175.700000,11.783000,4175.600000,11.783000,4175.500000,77.409000,4175.400000,11.345000,4175.300000,6.102000,4175.200000,1.906000,4175.100000,0.763000,4175.000000,268.586000,4174.900000,0.870000,4175.900000,9.751000,4176.000000,9.843000,4176.100000,285.828000,4176.200000,0.447000,4176.300000,4.440000,4176.400000,0.880000,4176.500000,0.457000,4176.600000,2.526000,4176.700000,0.110000,4176.800000,4.143000
1758739089.3675635,171694261226,4175.900000,38.110000,4175.700000,25.908000,4175.600000,23.034000,4175.500000,7.605000,4175.400000,11.345000,4175.300000,6.137000,4175.200000,1.906000,4175.100000,0.728000,4175.000000,268.586000,4174.900000,0.870000,4176.000000,14.869000,4176.100000,285.828000,4176.200000,0.482000,4176.300000,4.440000,4176.400000,0.880000,4176.500000,0.457000,4176.600000,2.526000,4176.700000,0.110000,4176.800000,4.143000,4176.900000,1.216000
1758739089.6117492,171694262228,4175.900000,36.208000,4175.600000,23.034000,4175.500000,7.605000,4175.400000,11.345000,4175.300000,6.137000,4175.200000,1.906000,4175.100000,0.728000,4175.000000,268.586000,4174.900000,0.870000,4174.800000,0.004000,4176.000000,14.869000,4176.100000,285.828000,4176.200000,0.482000,4176.300000,4.440000,4176.400000,0.880000,4176.500000,0.457000,4176.600000,2.526000,4176.700000,0.110000,4176.800000,4.143000,4176.900000,1.216000
1758739089.8858752,171694264178,4175.900000,37.006000,4175.600000,23.034000,4175.500000,7.332000,4175.400000,11.345000,4175.300000,6.137000,4175.200000,1.906000,4175.100000,0.728000,4175.000000,268.586000,4174.900000,0.870000,4174.800000,0.004000,4176.000000,14.595000,4176.100000,285.897000,4176.200000,0.597000,4176.300000,4.486000,4176.400000,0.880000,4176.500000,0.457000,4176.600000,2.526000,4176.700000,0.110000,4176.800000,4.143000,4176.900000,1.216000
1758739090.2464116,171694265592,4175.900000,37.190000,4175.600000,23.011000,4175.500000,7.128000,4175.400000,11.345000,4175.300000,6.137000,4175.200000,1.906000,4175.100000,0.728000,4175.000000,268.586000,4174.900000,0.870000,4174.800000,0.004000,4176.000000,4.844000,4176.100000,285.989000,4176.200000,0.643000,4176.300000,4.509000,4176.400000,12.611000,4176.500000,0.457000,4176.600000,2.526000,4176.700000,0.110000,4176.800000,4.143000,4176.900000,1.216000
1758739090.4908082,171694267388,4175.900000,36.640000,4175.700000,0.023000,4175.600000,23.011000,4175.500000,7.108000,4175.400000,11.345000,4175.300000,6.037000,4175.200000,1.906000,4175.100000,0.728000,4175.000000,268.586000,4174.900000,0.870000,4176.000000,4.844000,4176.100000,285.989000,4176.200000,0.643000,4176.300000,4.509000,4176.400000,12.611000,4176.500000,0.457000,4176.600000,2.526000,4176.700000,0.110000,4176.800000,4.143000,4176.900000,1.216000
1758739090.826714,171694269348,4175.900000,37.180000,4175.700000,0.023000,4175.600000,23.011000,4175.500000,7.108000,4175.400000,11.345000,4175.300000,6.037000,4175.200000,1.906000,4175.100000,0.728000,4175.000000,268.586000,4174.900000,0.870000,4176.000000,16.539000,4176.100000,285.989000,4176.200000,0.643000,4176.300000,4.509000,4176.400000,0.903000,4176.500000,0.457000,4176.600000,2.526000,4176.700000,0.110000,4176.800000,4.143000,4176.900000,1.216000
1758739091.14208,171694270590,4175.900000,37.556000,4175.700000,0.023000,4175.600000,23.011000,4175.500000,6.832000,4175.400000,11.345000,4175.300000,6.037000,4175.200000,1.906000,4175.100000,0.728000,4175.000000,268.586000,4174.900000,0.870000,4176.000000,16.559000,4176.100000,285.989000,4176.200000,0.643000,4176.300000,4.509000,4176.400000,0.972000,4176.500000,0.457000,4176.600000,2.526000,4176.700000,0.110000,4176.800000,4.143000,4176.900000,1.216000
1758739091.495126,171694273690,4175.900000,37.556000,4175.700000,0.023000,4175.600000,23.011000,4175.500000,6.782000,4175.400000,11.345000,4175.300000,6.037000,4175.200000,1.906000,4175.100000,0.728000,4175.000000,268.586000,4174.900000,0.870000,4176.000000,16.557000,4176.100000,285.989000,4176.200000,0.643000,4176.300000,4.509000,4176.400000,0.972000,4176.500000,0.457000,4176.600000,2.526000,4176.700000,0.110000,4176.800000,4.143000,4176.900000,1.216000
1758739091.800479,171694275965,4175.900000,37.980000,4175.700000,0.023000,4175.600000,23.011000,4175.500000,6.387000,4175.400000,11.345000,4175.300000,6.037000,4175.200000,1.906000,4175.100000,0.728000,4175.000000,268.586000,4174.900000,0.870000,4176.000000,16.539000,4176.100000,285.989000,4176.200000,0.643000,4176.300000,4.509000,4176.400000,0.972000,4176.500000,0.457000,4176.600000,2.526000,4176.700000,0.110000,4176.800000,4.143000,4176.900000,1.216000
1758739092.12577,171694277767,4175.900000,37.980000,4175.700000,0.023000,4175.600000,23.011000,4175.500000,6.407000,4175.400000,11.345000,4175.300000,6.037000,4175.200000,1.906000,4175.100000,0.728000,4175.000000,268.586000,4174.900000,0.870000,4176.000000,4.542000,4176.100000,285.989000,4176.200000,0.643000,4176.300000,4.509000,4176.400000,12.731000,4176.500000,0.457000,4176.600000,2.526000,4176.700000,0.110000,4176.800000,4.143000,4176.900000,1.216000
1758739092.3823886,171694278755,4175.900000,37.351000,4175.700000,0.023000,4175.600000,23.011000,4175.500000,6.407000,4175.400000,11.345000,4175.300000,6.037000,4175.200000,1.906000,4175.100000,0.728000,4175.000000,268.586000,4174.900000,0.870000,4176.000000,4.542000,4176.100000,285.989000,4176.200000,0.643000,4176.300000,4.509000,4176.400000,12.731000,4176.500000,0.457000,4176.600000,2.526000,4176.700000,0.110000,4176.800000,4.143000,4176.900000,1.216000
1758739092.8809688,171694283017,4175.900000,37.282000,4175.700000,0.023000,4175.600000,23.011000,4175.500000,6.407000,4175.400000,11.345000,4175.300000,6.037000,4175.200000,1.906000,4175.100000,0.728000,4175.000000,268.586000,4174.900000,0.870000,4176.000000,16.271000,4176.100000,285.989000,4176.200000,0.643000,4176.300000,4.509000,4176.400000,0.972000,4176.500000,0.457000,4176.600000,2.526000,4176.700000,0.110000,4176.800000,4.143000,4176.900000,1.216000
1758739093.261358,171694284964,4175.900000,37.872000,4175.700000,0.023000,4175.600000,23.011000,4175.500000,6.407000,4175.400000,11.345000,4175.300000,6.037000,4175.200000,1.906000,4175.100000,0.728000,4175.000000,268.586000,4174.900000,0.870000,4176.000000,16.271000,4176.100000,285.989000,4176.200000,0.643000,4176.300000,4.509000,4176.400000,0.972000,4176.500000,0.457000,4176.600000,2.526000,4176.700000,0.110000,4176.800000,4.143000,4176.900000,1.216000
1758739093.516886,171694286596,4175.900000,37.302000,4175.700000,0.023000,4175.600000,23.011000,4175.500000,6.407000,4175.400000,11.345000,4175.300000,6.037000,4175.200000,1.906000,4175.100000,0.728000,4175.000000,268.586000,4174.900000,0.870000,4176.000000,16.271000,4176.100000,285.989000,4176.200000,0.643000,4176.300000,4.509000,4176.400000,0.972000,4176.500000,0.457000,4176.600000,2.526000,4176.700000,0.110000,4176.800000,4.143000,4176.900000,1.216000
1758739093.8529987,171694289196,4175.900000,38.819000,4175.700000,0.023000,4175.600000,23.011000,4175.500000,6.407000,4175.400000,11.345000,4175.300000,6.037000,4175.200000,1.906000,4175.100000,0.728000,4175.000000,268.586000,4174.900000,0.870000,4176.000000,16.224000,4176.100000,285.989000,4176.200000,0.643000,4176.300000,4.509000,4176.400000,0.972000,4176.500000,0.457000,4176.600000,2.526000,4176.700000,0.110000,4176.800000,4.143000,4176.900000,1.216000
1758739094.311482,171694291634,4175.900000,38.819000,4175.700000,0.023000,4175.600000,23.011000,4175.500000,6.387000,4175.400000,11.345000,4175.300000,6.037000,4175.200000,1.926000,4175.100000,0.728000,4175.000000,268.586000,4174.900000,0.870000,4176.000000,15.952000,4176.100000,285.989000,4176.200000,0.643000,4176.300000,4.509000,4176.400000,0.972000,4176.500000,0.457000,4176.600000,2.526000,4176.700000,0.110000,4176.800000,4.143000,4176.900000,1.216000
1758739094.8445745,171694294369,4175.900000,38.744000,4175.700000,0.023000,4175.600000,23.011000,4175.500000,6.387000,4175.400000,11.345000,4175.300000,6.037000,4175.200000,1.926000,4175.100000,0.728000,4175.000000,268.586000,4174.900000,0.870000,4176.000000,15.927000,4176.100000,285.989000,4176.200000,0.643000,4176.300000,4.509000,4176.400000,0.972000,4176.500000,0.457000,4176.600000,2.546000,4176.700000,0.110000,4176.800000,4.143000,4176.900000,1.216000
1758739095.1341996,171694295861,4175.900000,38.794000,4175.700000,0.023000,4175.600000,23.011000,4175.500000,6.387000,4175.400000,11.345000,4175.300000,6.037000,4175.200000,1.926000,4175.100000,0.728000,4175.000000,268.586000,4174.900000,0.870000,4176.000000,15.927000,4176.100000,285.989000,4176.200000,0.643000,4176.300000,4.509000,4176.400000,0.972000,4176.500000,0.457000,4176.600000,2.546000,4176.700000,0.110000,4176.800000,4.143000,4176.900000,1.216000
1758739095.3776205,171694296915,4175.900000,39.344000,4175.700000,0.023000,4175.600000,23.011000,4175.500000,6.387000,4175.400000,11.345000,4175.300000,6.037000,4175.200000,1.926000,4175.100000,0.728000,4175.000000,268.586000,4174.900000,0.870000,4176.000000,15.899000,4176.100000,285.989000,4176.200000,0.643000,4176.300000,4.509000,4176.400000,0.972000,4176.500000,0.457000,4176.600000,2.546000,4176.700000,0.110000,4176.800000,4.143000,4176.900000,1.216000
1758739095.739737,171694300197,4175.900000,39.318000,4175.700000,0.023000,4175.600000,23.252000,4175.500000,6.387000,4175.400000,11.345000,4175.300000,6.037000,4175.200000,1.926000,4175.100000,0.728000,4175.000000,268.586000,4174.900000,0.488000,4176.000000,15.873000,4176.100000,285.989000,4176.200000,0.643000,4176.300000,4.509000,4176.400000,0.972000,4176.500000,0.457000,4176.600000,2.546000,4176.700000,0.110000,4176.800000,4.143000,4176.900000,1.216000
1758739095.9960089,171694300717,4175.900000,39.318000,4175.700000,0.023000,4175.600000,23.252000,4175.500000,6.387000,4175.400000,11.345000,4175.300000,6.037000,4175.200000,1.926000,4175.100000,0.728000,4175.000000,268.968000,4174.900000,0.488000,4176.000000,15.873000,4176.100000,285.989000,4176.200000,0.643000,4176.300000,4.509000,4176.400000,0.972000,4176.500000,0.457000,4176.600000,2.546000,4176.700000,0.110000,4176.800000,4.143000,4176.900000,1.216000
1758739096.3060186,171694303403,4175.900000,39.298000,4175.700000,0.023000,4175.600000,23.252000,4175.500000,6.387000,4175.400000,11.345000,4175.300000,6.181000,4175.200000,1.926000,4175.100000,0.728000,4175.000000,268.968000,4174.900000,0.488000,4176.000000,15.601000,4176.100000,285.989000,4176.200000,0.643000,4176.300000,4.509000,4176.400000,0.972000,4176.500000,0.457000,4176.600000,2.526000,4176.700000,0.110000,4176.800000,4.143000,4176.900000,1.216000
1758739096.5818498,171694303907,4175.900000,39.338000,4175.700000,0.023000,4175.600000,23.252000,4175.500000,6.387000,4175.400000,11.345000,4175.300000,6.181000,4175.200000,1.926000,4175.100000,0.728000,4175.000000,268.968000,4174.900000,0.488000,4176.000000,15.601000,4176.100000,285.989000,4176.200000,0.643000,4176.300000,4.509000,4176.400000,0.972000,4176.500000,0.457000,4176.600000,2.526000,4176.700000,0.110000,4176.800000,4.143000,4176.900000,1.216000
1758739096.8832402,171694307287,4175.900000,77.986000,4175.600000,23.254000,4175.500000,6.387000,4175.400000,11.345000,4175.300000,6.181000,4175.200000,1.926000,4175.100000,0.728000,4175.000000,268.586000,4174.900000,0.988000,4174.800000,0.004000,4176.000000,3.770000,4176.100000,1.268000,4176.200000,0.528000,4176.300000,4.463000,4176.400000,0.924000,4176.500000,0.457000,4176.600000,2.526000,4176.700000,0.110000,4176.800000,4.143000,4176.900000,11.487000
1758739097.2142406,171694309052,4175.900000,74.212000,4175.800000,0.007000,4175.700000,0.254000,4175.600000,23.257000,4175.500000,6.382000,4175.400000,11.345000,4175.300000,6.681000,4175.200000,1.926000,4175.100000,0.479000,4175.000000,268.586000,4176.000000,3.770000,4176.100000,1.107000,4176.200000,0.385000,4176.300000,4.435000,4176.400000,0.866000,4176.500000,0.467000,4176.600000,2.526000,4176.700000,0.117000,4176.800000,3.636000,4176.900000,0.967000
1758739097.4809253,171694311318,4175.900000,78.937000,4175.700000,0.249000,4175.600000,23.257000,4175.500000,0.756000,4175.400000,11.340000,4175.300000,6.681000,4175.200000,1.926000,4175.100000,0.479000,4175.000000,268.586000,4174.900000,0.486000,4176.100000,1.107000,4176.200000,0.385000,4176.300000,4.435000,4176.400000,0.866000,4176.500000,10.728000,4176.600000,4.626000,4176.700000,0.110000,4176.800000,288.296000,4176.900000,1.064000,4177.000000,12.416000
1758739097.8746545,171694314053,4176.000000,26.539000,4175.900000,1.861000,4175.700000,0.629000,4175.600000,23.292000,4175.500000,0.756000,4175.400000,11.340000,4175.300000,6.646000,4175.200000,1.934000,4175.100000,0.479000,4175.000000,268.586000,4176.100000,11.091000,4176.200000,0.350000,4176.300000,4.435000,4176.400000,0.866000,4176.500000,0.492000,4176.600000,4.626000,4176.700000,0.110000,4176.800000,288.298000,4176.900000,1.064000,4177.000000,12.416000
1758739098.2034333,171694316436,4176.000000,80.003000,4175.900000,1.551000,4175.700000,0.857000,4175.600000,23.292000,4175.500000,0.756000,4175.400000,11.340000,4175.300000,6.646000,4175.200000,1.934000,4175.100000,0.479000,4175.000000,268.586000,4176.100000,0.100000,4176.200000,6.653000,4176.300000,4.435000,4176.400000,0.866000,4176.500000,0.492000,4176.600000,4.626000,4176.700000,0.110000,4176.800000,288.298000,4176.900000,1.064000,4177.000000,12.416000
1758739098.4742205,171694317915,4176.000000,80.067000,4175.900000,1.439000,4175.700000,0.629000,4175.600000,23.292000,4175.500000,0.756000,4175.400000,11.340000,4175.300000,6.646000,4175.200000,1.934000,4175.100000,0.907000,4175.000000,268.586000,4176.100000,0.100000,4176.200000,0.350000,4176.300000,4.435000,4176.400000,8.346000,4176.500000,0.492000,4176.600000,4.626000,4176.700000,0.110000,4176.800000,288.298000,4176.900000,1.064000,4177.000000,12.416000
1758739098.8508725,171694319971,4176.000000,31.813000,4175.900000,0.630000,4175.700000,0.629000,4175.600000,23.292000,4175.500000,0.756000,4175.400000,11.340000,4175.300000,6.646000,4175.200000,1.934000,4175.100000,0.907000,4175.000000,268.586000,4176.300000,11.144000,4176.400000,0.866000,4176.500000,0.492000,4176.600000,4.626000,4176.700000,0.110000,4176.800000,288.459000,4176.900000,1.202000,4177.000000,12.531000,4177.100000,0.470000,4177.200000,1.215000
1758739099.3080988,171694322473,4176.200000,79.485000,4176.100000,0.042000,4176.000000,5.692000,4175.900000,0.607000,4175.700000,0.629000,4175.600000,23.292000,4175.500000,0.491000,4175.400000,11.340000,4175.300000,6.646000,4175.200000,1.934000,4176.300000,3.392000,4176.400000,0.866000,4176.500000,0.492000,4176.600000,4.626000,4176.700000,7.590000,4176.800000,288.459000,4176.900000,1.202000,4177.000000,12.531000,4177.100000,0.493000,4177.200000,1.215000
1758739099.4439678,171694324672,4176.200000,80.839000,4176.000000,5.692000,4175.900000,0.607000,4175.700000,0.629000,4175.600000,23.292000,4175.500000,0.491000,4175.400000,11.340000,4175.300000,6.646000,4175.200000,1.934000,4175.100000,0.907000,4176.300000,3.362000,4176.400000,0.866000,4176.500000,0.492000,4176.600000,4.626000,4176.700000,7.590000,4176.800000,288.459000,4176.900000,1.202000,4177.000000,12.531000,4177.100000,0.493000,4177.200000,1.215000
1758739099.7425492,171694326756,4176.200000,81.115000,4176.000000,0.858000,4175.900000,0.400000,4175.700000,0.629000,4175.600000,23.292000,4175.500000,0.491000,4175.400000,11.340000,4175.300000,6.646000,4175.200000,1.934000,4175.100000,0.907000,4176.300000,3.362000,4176.400000,0.866000,4176.500000,0.492000,4176.600000,4.626000,4176.700000,7.590000,4176.800000,288.482000,4176.900000,1.202000,4177.000000,12.531000,4177.100000,0.493000,4177.200000,1.192000
1758739100.17986,171694330081,4176.200000,80.568000,4176.000000,0.838000,4175.900000,0.400000,4175.700000,0.629000,4175.600000,23.292000,4175.500000,0.491000,4175.400000,11.340000,4175.300000,6.646000,4175.200000,1.934000,4175.100000,0.907000,4176.300000,11.029000,4176.400000,0.866000,4176.500000,0.492000,4176.600000,4.626000,4176.700000,0.110000,4176.800000,288.482000,4176.900000,1.202000,4177.000000,12.531000,4177.100000,0.493000,4177.200000,1.192000
1758739100.523324,171694333778,4176.200000,88.959000,4176.000000,0.447000,4175.900000,0.400000,4175.700000,0.629000,4175.600000,23.292000,4175.500000,0.481000,4175.400000,11.340000,4175.300000,6.646000,4175.200000,1.934000,4175.100000,0.907000,4176.300000,11.029000,4176.400000,0.866000,4176.500000,0.492000,4176.600000,4.626000,4176.700000,0.110000,4176.800000,288.482000,4176.900000,1.202000,4177.000000,12.531000,4177.100000,0.493000,4177.200000,1.192000
1758739100.778543,171694336226,4176.200000,88.943000,4176.000000,0.447000,4175.900000,0.400000,4175.700000,0.629000,4175.600000,23.292000,4175.500000,0.481000,4175.400000,11.340000,4175.300000,6.646000,4175.200000,1.934000,4175.100000,0.907000,4176.300000,3.042000,4176.400000,0.866000,4176.500000,0.492000,4176.600000,4.626000,4176.700000,7.825000,4176.800000,288.482000,4176.900000,1.202000,4177.000000,12.531000,4177.100000,0.493000,4177.200000,1.192000
1758739101.0817242,171694338148,4176.200000,88.943000,4176.000000,0.447000,4175.900000,0.400000,4175.700000,0.629000,4175.600000,23.292000,4175.500000,0.481000,4175.400000,11.340000,4175.300000,6.646000,4175.200000,1.934000,4175.100000,0.907000,4176.300000,3.042000,4176.400000,0.866000,4176.500000,0.492000,4176.600000,2.526000,4176.700000,7.825000,4176.800000,288.482000,4176.900000,1.202000,4177.000000,12.531000,4177.100000,0.493000,4177.200000,1.192000
1758739101.5240827,171694340757,4176.200000,88.943000,4176.000000,0.397000,4175.900000,0.380000,4175.700000,0.629000,4175.600000,23.292000,4175.500000,0.481000,4175.400000,11.340000,4175.300000,6.502000,4175.200000,1.934000,4175.100000,0.907000,4176.300000,3.042000,4176.400000,0.866000,4176.500000,0.492000,4176.600000,2.526000,4176.700000,7.825000,4176.800000,288.482000,4176.900000,1.202000,4177.000000,12.531000,4177.100000,0.493000,4177.200000,1.192000
1758739101.6287231,171694342292,4176.200000,89.359000,4176.000000,0.002000,4175.900000,0.380000,4175.700000,0.629000,4175.600000,23.292000,4175.500000,0.481000,4175.400000,11.340000,4175.300000,6.502000,4175.200000,1.934000,4175.100000,0.907000,4176.300000,3.011000,4176.400000,0.866000,4176.500000,0.492000,4176.600000,2.526000,4176.700000,7.825000,4176.800000,288.482000,4176.900000,1.202000,4177.000000,12.531000,4177.100000,0.493000,4177.200000,1.192000
1758739101.8889172,171694342555,4176.200000,89.359000,4176.000000,0.002000,4175.900000,0.380000,4175.700000,0.629000,4175.600000,23.292000,4175.500000,0.481000,4175.400000,11.340000,4175.300000,6.502000,4175.200000,1.934000,4175.100000,0.907000,4176.300000,10.746000,4176.400000,0.866000,4176.500000,0.492000,4176.600000,2.526000,4176.700000,0.110000,4176.800000,288.482000,4176.900000,1.202000,4177.000000,12.531000,4177.100000,0.493000,4177.200000,1.192000
1758739102.5923204,171694349155,4176.200000,50.814000,4175.900000,0.393000,4175.700000,0.256000,4175.600000,23.289000,4175.500000,0.484000,4175.400000,11.349000,4175.300000,6.389000,4175.200000,1.934000,4175.100000,0.241000,4175.000000,268.586000,4176.300000,81.369000,4176.400000,285.452000,4176.500000,0.499000,4176.600000,2.549000,4176.700000,0.110000,4176.800000,3.914000,4176.900000,1.202000,4177.000000,12.531000,4177.100000,0.470000,4177.200000,1.692000
1758739102.840101,171694351289,4176.200000,47.212000,4175.900000,0.393000,4175.700000,0.256000,4175.600000,23.289000,4175.500000,0.484000,4175.400000,11.349000,4175.300000,6.389000,4175.200000,1.934000,4175.100000,0.241000,4175.000000,268.586000,4176.300000,85.863000,4176.400000,285.452000,4176.500000,0.499000,4176.600000,2.549000,4176.700000,0.110000,4176.800000,3.914000,4176.900000,1.202000,4177.000000,12.531000,4177.100000,0.470000,4177.200000,1.692000
1758739103.1952398,171694352779,4176.200000,47.207000,4175.900000,0.293000,4175.700000,0.256000,4175.600000,23.289000,4175.500000,0.484000,4175.400000,11.349000,4175.300000,1.389000,4175.200000,1.934000,4175.100000,0.241000,4175.000000,268.586000,4176.300000,85.853000,4176.400000,285.452000,4176.500000,0.499000,4176.600000,2.549000,4176.700000,0.110000,4176.800000,3.914000,4176.900000,1.202000,4177.000000,12.531000,4177.100000,0.470000,4177.200000,1.692000
1758739103.5096092,171694354860,4176.200000,47.187000,4175.900000,0.293000,4175.700000,0.256000,4175.600000,23.289000,4175.500000,0.484000,4175.400000,11.349000,4175.300000,1.389000,4175.200000,1.934000,4175.100000,0.241000,4175.000000,268.586000,4176.300000,85.968000,4176.400000,285.544000,4176.500000,0.522000,4176.600000,2.595000,4176.700000,0.110000,4176.800000,3.799000,4176.900000,1.110000,4177.000000,12.508000,4177.100000,0.447000,4177.200000,1.669000
1758739103.8033032,171694357097,4176.200000,85.603000,4176.000000,0.007000,4175.900000,0.270000,4175.800000,0.014000,4175.700000,0.629000,4175.600000,23.287000,4175.500000,0.481000,4175.400000,11.349000,4175.300000,1.500000,4175.200000,1.934000,4176.300000,13.815000,4176.400000,0.866000,4176.500000,0.492000,4176.600000,2.528000,4176.700000,296.075000,4176.800000,3.799000,4176.900000,1.105000,4177.000000,12.508000,4177.100000,0.447000,4177.200000,1.669000
1758739104.1294513,171694358142,4176.200000,90.152000,4176.000000,0.007000,4175.900000,0.270000,4175.800000,0.014000,4175.700000,0.629000,4175.600000,23.287000,4175.500000,0.481000,4175.400000,11.349000,4175.300000,1.500000,4175.200000,1.934000,4176.300000,9.029000,4176.400000,0.866000,4176.500000,0.492000,4176.600000,2.533000,4176.700000,296.080000,4176.800000,3.804000,4176.900000,1.105000,4177.000000,12.508000,4177.100000,0.447000,4177.200000,1.669000
1758739104.394059,171694361403,4176.200000,90.275000,4176.000000,0.007000,4175.900000,0.270000,4175.800000,0.014000,4175.700000,0.629000,4175.600000,23.287000,4175.500000,0.481000,4175.400000,11.349000,4175.300000,1.500000,4175.200000,1.934000,4176.300000,20.644000,4176.400000,0.866000,4176.500000,0.492000,4176.600000,2.533000,4176.700000,284.797000,4176.800000,3.804000,4176.900000,1.059000,4177.000000,12.439000,4177.100000,0.447000,4177.200000,1.669000
1758739104.7374587,171694363176,4176.200000,90.184000,4176.000000,0.007000,4175.900000,0.270000,4175.800000,0.014000,4175.700000,0.629000,4175.600000,23.287000,4175.500000,0.481000,4175.400000,11.349000,4175.300000,1.500000,4175.200000,1.934000,4176.300000,20.618000,4176.400000,0.866000,4176.500000,0.492000,4176.600000,2.533000,4176.700000,284.797000,4176.800000,3.804000,4176.900000,1.059000,4177.000000,12.462000,4177.100000,0.447000,4177.200000,1.669000
1758739105.0260684,171694364961,4176.200000,89.587000,4176.000000,0.007000,4175.900000,0.270000,4175.800000,0.014000,4175.700000,0.629000,4175.600000,23.287000,4175.500000,0.481000,4175.400000,11.349000,4175.300000,1.500000,4175.200000,1.934000,4176.300000,20.618000,4176.400000,0.866000,4176.500000,0.492000,4176.600000,2.533000,4176.700000,284.797000,4176.800000,3.804000,4176.900000,1.059000,4177.000000,12.462000,4177.100000,0.447000,4177.200000,1.669000
1758739105.463221,171694366988,4176.200000,89.587000,4176.000000,0.007000,4175.900000,0.270000,4175.800000,0.014000,4175.700000,0.629000,4175.600000,23.287000,4175.500000,0.481000,4175.400000,11.349000,4175.300000,1.500000,4175.200000,1.934000,4176.300000,20.638000,4176.400000,0.866000,4176.500000,0.492000,4176.600000,2.533000,4176.700000,284.912000,4176.800000,3.873000,4176.900000,1.105000,4177.000000,12.485000,4177.100000,0.470000,4177.200000,1.669000
1758739105.7757964,171694369377,4176.200000,83.119000,4176.000000,0.007000,4175.900000,0.270000,4175.800000,0.016000,4175.700000,0.629000,4175.600000,23.287000,4175.500000,0.481000,4175.400000,11.347000,4175.300000,1.500000,4175.200000,1.934000,4176.300000,2.624000,4176.400000,0.866000,4176.500000,0.492000,4176.600000,2.533000,4176.700000,296.860000,4176.800000,3.873000,4176.900000,1.105000,4177.000000,12.485000,4177.100000,0.470000,4177.200000,1.169000
1758739105.9994023,171694371026,4176.200000,76.492000,4176.100000,0.002000,4176.000000,0.484000,4175.900000,0.270000,4175.800000,7.191000,4175.700000,0.629000,4175.600000,23.287000,4175.500000,0.481000,4175.400000,11.347000,4175.300000,1.500000,4176.300000,9.801000,4176.400000,0.866000,4176.500000,0.492000,4176.600000,2.531000,4176.700000,0.115000,4176.800000,3.641000,4176.900000,0.969000,4177.000000,12.393000,4177.100000,0.447000,4177.200000,1.169000
1758739106.2543426,171694372856,4176.300000,72.560000,4176.200000,15.175000,4176.100000,0.007000,4176.000000,0.479000,4175.900000,0.305000,4175.800000,0.009000,4175.700000,0.629000,4175.600000,23.252000,4175.500000,0.481000,4175.400000,11.347000,4176.400000,0.866000,4176.500000,0.457000,4176.600000,9.703000,4176.700000,0.110000,4176.800000,3.694000,4176.900000,285.691000,4177.000000,12.554000,4177.100000,0.516000,4177.200000,1.169000,4177.300000,0.251000
1758739106.533777,171694374656,4176.300000,72.625000,4176.200000,15.130000,4176.100000,0.007000,4176.000000,0.479000,4175.900000,0.305000,4175.800000,0.009000,4175.700000,0.380000,4175.600000,23.252000,4175.500000,0.481000,4175.400000,11.347000,4176.400000,0.866000,4176.500000,0.457000,4176.600000,9.703000,4176.700000,0.110000,4176.800000,3.694000,4176.900000,285.691000,4177.000000,12.554000,4177.100000,0.516000,4177.200000,1.192000,4177.300000,0.251000
1758739106.8293884,171694376393,4176.300000,72.600000,4176.200000,15.110000,4176.100000,0.007000,4176.000000,0.479000,4175.900000,0.275000,4175.800000,0.009000,4175.700000,0.380000,4175.600000,23.252000,4175.500000,0.481000,4175.400000,11.347000,4176.400000,0.844000,4176.500000,0.457000,4176.600000,9.703000,4176.700000,0.110000,4176.800000,3.694000,4176.900000,285.691000,4177.000000,12.554000,4177.100000,0.516000,4177.200000,1.192000,4177.300000,0.251000
1758739107.1846645,171694378022,4176.300000,72.709000,4176.200000,15.110000,4176.100000,0.007000,4176.000000,0.479000,4175.900000,0.275000,4175.800000,0.009000,4175.700000,0.380000,4175.600000,23.252000,4175.500000,0.481000,4175.400000,11.347000,4176.400000,8.335000,4176.500000,0.457000,4176.600000,2.526000,4176.700000,0.110000,4176.800000,3.694000,4176.900000,285.691000,4177.000000,12.554000,4177.100000,0.516000,4177.200000,1.192000,4177.300000,0.251000
1758739107.5818477,171694381327,4176.300000,72.925000,4176.200000,14.834000,4176.100000,0.007000,4176.000000,0.479000,4175.900000,0.275000,4175.800000,0.009000,4175.700000,0.380000,4175.600000,23.252000,4175.500000,0.481000,4175.400000,11.347000,4176.400000,8.324000,4176.500000,0.457000,4176.600000,2.526000,4176.700000,0.110000,4176.800000,3.694000,4176.900000,285.829000,4177.000000,12.646000,4177.100000,0.516000,4177.200000,1.238000,4177.300000,0.251000
1758739107.874898,171694382749,4176.300000,72.920000,4176.200000,14.784000,4176.100000,0.007000,4176.000000,0.479000,4175.900000,0.275000,4175.800000,0.009000,4175.700000,0.380000,4175.600000,23.252000,4175.500000,0.481000,4175.400000,11.347000,4176.400000,8.299000,4176.500000,0.457000,4176.600000,2.526000,4176.700000,0.110000,4176.800000,3.694000,4176.900000,285.829000,4177.000000,12.646000,4177.100000,0.516000,4177.200000,1.238000,4177.300000,0.251000
1758739108.3663132,171694385153,4176.300000,73.223000,4176.200000,14.511000,4176.100000,0.007000,4176.000000,0.479000,4175.900000,0.275000,4175.800000,0.009000,4175.700000,0.380000,4175.600000,23.252000,4175.500000,0.501000,4175.400000,11.347000,4176.400000,8.384000,4176.500000,0.457000,4176.600000,2.526000,4176.700000,0.110000,4176.800000,3.694000,4176.900000,285.829000,4177.000000,12.646000,4177.100000,0.516000,4177.200000,1.238000,4177.300000,0.251000
1758739108.561125,171694388100,4176.300000,97.163000,4176.200000,14.511000,4176.100000,0.007000,4176.000000,0.861000,4175.900000,0.514000,4175.800000,0.009000,4175.600000,23.252000,4175.500000,0.501000,4175.400000,11.347000,4175.300000,1.500000,4176.400000,0.808000,4176.500000,0.457000,4176.600000,2.526000,4176.700000,0.110000,4176.800000,11.227000,4176.900000,0.974000,4177.000000,296.942000,4177.100000,0.447000,4177.200000,1.189000,4177.300000,0.251000
1758739108.863666,171694390392,4176.300000,90.293000,4176.200000,6.511000,4176.100000,0.007000,4176.000000,0.861000,4175.900000,0.514000,4175.800000,0.009000,4175.600000,23.252000,4175.500000,0.501000,4175.400000,11.347000,4175.300000,1.985000,4176.500000,7.984000,4176.600000,2.526000,4176.700000,0.110000,4176.800000,3.671000,4176.900000,0.974000,4177.000000,296.942000,4177.100000,0.447000,4177.200000,1.189000,4177.300000,0.274000,4177.400000,0.515000
1758739109.1490781,171694392748,4176.400000,46.133000,4176.300000,25.002000,4176.200000,6.511000,4176.100000,0.007000,4176.000000,0.884000,4175.900000,0.514000,4175.800000,0.009000,4175.600000,23.252000,4175.500000,0.501000,4175.400000,11.347000,4176.500000,33.921000,4176.600000,2.526000,4176.700000,0.110000,4176.800000,3.671000,4176.900000,0.954000,4177.000000,296.942000,4177.100000,0.447000,4177.200000,1.189000,4177.300000,0.274000,4177.400000,0.515000
1758739109.4315777,171694394411,4176.400000,46.108000,4176.300000,25.002000,4176.200000,11.511000,4176.100000,0.007000,4176.000000,0.884000,4175.900000,0.514000,4175.800000,0.009000,4175.600000,23.252000,4175.500000,0.501000,4175.400000,11.347000,4176.500000,33.921000,4176.600000,2.526000,4176.700000,0.110000,4176.800000,3.671000,4176.900000,0.954000,4177.000000,296.942000,4177.100000,0.447000,4177.200000,1.189000,4177.300000,0.274000,4177.400000,0.515000
1758739109.6520388,171694396349,4176.400000,46.376000,4176.300000,24.706000,4176.200000,10.961000,4176.100000,0.007000,4176.000000,0.884000,4175.900000,0.514000,4175.800000,0.009000,4175.600000,23.289000,4175.500000,0.501000,4175.400000,11.347000,4176.500000,33.903000,4176.600000,2.526000,4176.700000,0.110000,4176.800000,3.671000,4176.900000,0.954000,4177.000000,297.057000,4177.100000,0.539000,4177.200000,1.212000,4177.300000,0.320000,4177.400000,0.515000
1758739109.9440978,171694397816,4176.400000,46.386000,4176.300000,24.706000,4176.200000,10.961000,4176.100000,0.007000,4176.000000,0.884000,4175.900000,0.514000,4175.800000,0.009000,4175.600000,23.289000,4175.500000,0.501000,4175.400000,11.347000,4176.500000,25.937000,4176.600000,2.526000,4176.700000,0.110000,4176.800000,3.671000,4176.900000,7.951000,4177.000000,297.057000,4177.100000,0.539000,4177.200000,1.212000,4177.300000,0.320000,4177.400000,0.515000
1758739110.303885,171694400853,4176.400000,47.350000,4176.300000,24.292000,4176.200000,10.961000,4176.100000,0.007000,4176.000000,0.884000,4175.900000,0.514000,4175.800000,0.007000,4175.600000,23.289000,4175.500000,0.501000,4175.400000,11.347000,4176.500000,32.934000,4176.600000,2.526000,4176.700000,0.110000,4176.800000,3.671000,4176.900000,0.977000,4177.000000,297.195000,4177.100000,0.677000,4177.200000,1.327000,4177.300000,0.320000,4177.400000,0.515000
1758739110.6183922,171694402811,4176.400000,47.415000,4176.300000,24.269000,4176.200000,10.835000,4176.100000,0.009000,4176.000000,0.884000,4175.900000,0.514000,4175.800000,0.007000,4175.600000,23.289000,4175.500000,0.501000,4175.400000,11.347000,4176.500000,32.934000,4176.600000,2.526000,4176.700000,0.110000,4176.800000,3.671000,4176.900000,0.977000,4177.000000,297.195000,4177.100000,0.677000,4177.200000,1.327000,4177.300000,0.320000,4177.400000,0.515000
1758739110.8786812,171694404246,4176.400000,47.339000,4176.300000,24.269000,4176.200000,10.696000,4176.100000,0.009000,4176.000000,0.884000,4175.900000,0.514000,4175.800000,0.007000,4175.600000,23.289000,4175.500000,0.501000,4175.400000,11.347000,4176.500000,32.890000,4176.600000,2.526000,4176.700000,0.110000,4176.800000,3.671000,4176.900000,0.977000,4177.000000,297.195000,4177.100000,0.677000,4177.200000,1.327000,4177.300000,0.320000,4177.400000,0.515000
1758739111.403012,171694407996,4176.400000,25.963000,4176.300000,7.077000,4176.200000,9.896000,4176.100000,0.009000,4176.000000,0.884000,4175.900000,8.250000,4175.800000,0.007000,4175.600000,23.289000,4175.500000,0.501000,4175.400000,11.347000,4176.600000,2.526000,4176.700000,0.110000,4176.800000,3.671000,4176.900000,0.977000,4177.000000,297.195000,4177.100000,0.677000,4177.200000,1.327000,4177.300000,0.320000,4177.400000,0.515000,4177.500000,0.808000
1758739111.643216,171694409805,4176.400000,0.259000,4176.300000,7.326000,4176.200000,9.896000,4176.100000,0.009000,4176.000000,8.620000,4175.900000,0.514000,4175.800000,0.007000,4175.600000,23.289000,4175.500000,0.501000,4175.400000,11.347000,4176.500000,7.007000,4176.600000,2.641000,4176.700000,0.179000,4176.800000,3.671000,4176.900000,1.023000,4177.000000,297.080000,4177.100000,0.608000,4177.200000,1.568000,4177.300000,0.298000,4177.400000,0.515000
1758739111.8979177,171694411696,4176.400000,42.008000,4176.300000,7.326000,4176.200000,9.896000,4176.100000,0.009000,4176.000000,0.884000,4175.900000,0.514000,4175.800000,0.007000,4175.600000,23.289000,4175.500000,0.501000,4175.400000,11.347000,4176.500000,7.007000,4176.600000,2.641000,4176.700000,0.179000,4176.800000,3.671000,4176.900000,1.023000,4177.000000,297.080000,4177.100000,0.608000,4177.200000,1.568000,4177.300000,0.298000,4177.400000,0.515000
