unix_timestamp,bid,ask,mid
1758634052.1456518,1.0032,1.0036,1.003400
1758634320.3452718,1.0032,1.0036,1.003400
1758634618.2116022,1.0032,1.0036,1.003400
1758634626.4450812,1.0032,1.0036,1.003400
1758634737.7682247,1.0032,1.0036,1.003400
1758634839.0407946,1.0031,1.0036,1.003350
1758634942.053056,1.0031,1.0036,1.003350
1758634962.2448468,1.0031,1.0036,1.003350
1758635000.6531172,1.0032,1.0036,1.003400
1758635015.4071698,1.0032,1.0036,1.003400
1758635042.0222297,1.0032,1.0036,1.003400
1758635057.2105577,1.0032,1.0037,1.003450
1758635087.4701145,1.0032,1.0037,1.003450
1758635102.7710164,1.0032,1.0037,1.003450
1758635105.3231862,1.0032,1.0037,1.003450
1758635113.8154688,1.0036,1.0037,1.003650
1758635156.4990146,1.0036,1.0037,1.003650
1758635172.5587585,1.0036,1.0037,1.003650
1758635179.8538928,1.0036,1.0037,1.003650
1758635188.0198236,1.0036,1.0037,1.003650
1758635195.315777,1.0036,1.004,1.003800
1758635196.0744205,1.0037,1.004,1.003850
1758635197.047536,1.0036,1.004,1.003800
1758635199.3367107,1.0036,1.0043,1.003950
1758635209.4491866,1.0036,1.0043,1.003950
1758635382.4692345,1.0036,1.0043,1.003950
1758635413.2583342,1.0032,1.0036,1.003400
1758635437.6749742,1.0032,1.0036,1.003400
1758635449.1328583,1.0032,1.0036,1.003400
1758635475.630985,1.0032,1.004,1.003600
1758635490.2886093,1.0032,1.004,1.003600
1758635504.8930874,1.0032,1.004,1.003600
1758635520.3036308,1.0032,1.004,1.003600
1758635553.040226,1.0032,1.004,1.003600
1758635559.7185264,1.0032,1.0037,1.003450
1758635568.1432216,1.0031,1.0036,1.003350
1758635577.8963625,1.0028,1.0036,1.003200
1758635586.427604,1.0026,1.0032,1.002900
1758635611.1811748,1.0025,1.0032,1.002850
1758635622.3335366,1.0024,1.0028,1.002600
1758635779.8886187,1.0013,1.0021,1.001700
1758635782.58211,1.0017,1.0021,1.001900
1758635785.439949,1.0017,1.0024,1.002050
1758635791.6355507,1.0021,1.0026,1.002350
1758635793.5783095,1.0021,1.0028,1.002450
1758635795.8745234,1.0025,1.003,1.002750
1758635799.306588,1.0025,1.003,1.002750
1758635835.1080017,1.0032,1.004,1.003600
1758635896.8424432,1.0032,1.0036,1.003400
1758635901.4789133,1.0031,1.0036,1.003350
1758635906.8185446,1.0026,1.0032,1.002900
1758635910.8599741,1.0025,1.0032,1.002850
1758635915.010455,1.0021,1.0028,1.002450
1758635930.6186457,1.0021,1.0025,1.002300
1758635939.7644024,1.0021,1.0028,1.002450
1758635941.0028493,1.0019,1.0025,1.002200
1758635946.9089503,1.0019,1.0025,1.002200
1758635951.6846201,1.0017,1.0025,1.002100
1758635952.8631203,1.0021,1.0026,1.002350
1758635956.8789334,1.0017,1.0021,1.001900
1758635961.882559,1.0016,1.0021,1.001850
1758635967.4650285,1.001,1.0017,1.001350
1758635971.4136705,1.001,1.0016,1.001300
1758635976.8092148,1.0009,1.0013,1.001100
1758635981.4390342,1.0008,1.0013,1.001050
1758635988.9134665,1.0008,1.0013,1.001050
1758636005.5014296,1.0002,1.0006,1.000400
1758636009.7006972,1.0001,1.0006,1.000350
1758636015.045428,1.0002,1.0009,1.000550
1758636016.5097446,1.0001,1.0006,1.000350
1758636023.157596,1.0001,1.0006,1.000350
1758636029.0189102,1.0001,1.0006,1.000350
1758636036.1694767,1.0001,1.0006,1.000350
1758636051.4873168,1.0001,1.0006,1.000350
1758636057.4516792,1.0001,1.0006,1.000350
1758636062.5590832,1.0001,1.0006,1.000350
1758636067.482553,1.0001,1.0006,1.000350
1758636076.4648373,1.0001,1.0006,1.000350
1758636083.2423675,1.0001,1.0006,1.000350
1758636089.4884195,1.0001,1.0006,1.000350
1758636094.3918743,1.0001,1.0006,1.000350
1758636103.2434757,1.0001,1.0006,1.000350
1758636111.3006434,1.0001,1.0006,1.000350
1758636143.5779648,1.0001,1.0006,1.000350
1758636154.2942812,1.0001,1.0006,1.000350
1758636205.1550558,1.0001,1.0006,1.000350
1758636211.2336545,1.0013,1.0019,1.001600
1758636216.8258271,1.001,1.0017,1.001350
1758636223.3113997,1.001,1.0016,1.001300
1758636231.5020556,1.0005,1.0009,1.000700
1758636235.8623364,1.0005,1.0009,1.000700
1758636243.5489087,1.0002,1.0009,1.000550
1758636248.3463652,1.001,1.0013,1.001150
1758636255.324781,1.0006,1.0013,1.000950
1758636294.4847844,1.0005,1.0009,1.000700
1758636299.8359811,1.0004,1.0009,1.000650
1758636304.377547,1.001,1.0017,1.001350
1758636315.2620592,1.0005,1.0009,1.000700
1758636322.3358562,1.0005,1.0009,1.000700
1758636327.4321396,1.0002,1.0009,1.000550
1758636350.6379728,1.0002,1.0009,1.000550
1758636452.1260314,1.0005,1.0009,1.000700
1758636541.96734,1.0006,1.0013,1.000950
1758636587.1567101,1.0006,1.0013,1.000950
1758636639.366025,1.0005,1.0009,1.000700
1758636742.809188,1.0006,1.0009,1.000750
1758636749.1668465,1.0005,1.0009,1.000700
1758636819.0811238,1.0005,1.0009,1.000700
1758636841.2384076,1.0006,1.0013,1.000950
1758636921.7433534,1.0009,1.0016,1.001250
1758637017.4623299,1.0009,1.0016,1.001250
1758637032.5063431,1.0006,1.0013,1.000950
1758637074.643364,1.0009,1.0013,1.001100
1758637102.440793,1.0009,1.0013,1.001100
1758637118.695741,1.0006,1.0013,1.000950
1758637180.496473,1.0013,1.0016,1.001450
1758637201.3864236,1.0013,1.0016,1.001450
1758637214.013352,1.0013,1.0016,1.001450
1758637219.138934,1.0006,1.0013,1.000950
1758637237.3999689,1.0006,1.0013,1.000950
1758637246.0667777,1.0009,1.0016,1.001250
1758637266.0144358,1.0009,1.0016,1.001250
1758637378.0090103,1.0009,1.0016,1.001250
1758637390.238081,1.0009,1.0016,1.001250
1758637408.1809597,1.0006,1.0013,1.000950
1758637437.6566179,1.0006,1.0013,1.000950
1758637440.2764437,1.0006,1.0013,1.000950
1758637443.3527634,1.0009,1.0016,1.001250
1758637446.423536,1.0009,1.0016,1.001250
1758637449.8665328,1.0009,1.0016,1.001250
1758637452.8494973,1.0009,1.0016,1.001250
1758637455.99286,1.0006,1.0013,1.000950
1758637459.8730333,1.0005,1.0009,1.000700
1758637463.3916008,1.0005,1.0009,1.000700
1758637466.2251587,1.0004,1.0009,1.000650
1758637469.214419,1.0004,1.0009,1.000650
1758637471.8463645,1.0004,1.0009,1.000650
1758637475.2745848,1.0004,1.0009,1.000650
1758637477.9398384,1.0004,1.0009,1.000650
1758637481.2473097,1.0006,1.001,1.000800
1758637483.8633444,1.0006,1.001,1.000800
1758637486.5671873,1.0006,1.001,1.000800
1758637512.1003275,1.0004,1.0009,1.000650
1758637514.9301217,1.0003,1.0009,1.000600
1758637517.7431116,1.0003,1.0009,1.000600
1758637520.2258165,1.0003,1.0009,1.000600
1758637523.122861,1.0003,1.0009,1.000600
1758637525.9237847,1.0003,1.0009,1.000600
1758637528.5718906,1.0003,1.0009,1.000600
1758637531.8960912,1.0006,1.001,1.000800
1758637534.5766587,1.0006,1.001,1.000800
1758637537.4039857,1.0006,1.001,1.000800
1758637542.7962515,1.0006,1.001,1.000800
1758637545.4505565,1.0006,1.001,1.000800
1758637548.2732358,1.0006,1.001,1.000800
1758637551.4931495,1.0006,1.001,1.000800
1758637554.2850828,1.0005,1.0009,1.000700
1758637556.8995721,1.0005,1.0009,1.000700
1758637559.5716777,1.0005,1.0009,1.000700
1758637562.2743895,1.0005,1.0009,1.000700
1758637564.985197,1.0006,1.001,1.000800
1758637568.6602242,1.0006,1.001,1.000800
1758637570.7727206,1.0005,1.0009,1.000700
1758637573.4566169,1.0005,1.0009,1.000700
1758637576.7394626,1.0005,1.0009,1.000700
1758637580.2129405,1.0005,1.0009,1.000700
1758637583.478476,1.0005,1.0009,1.000700
1758637595.1836605,1.0006,1.001,1.000800
1758637598.0441628,1.0006,1.001,1.000800
1758637601.1541348,1.0006,1.001,1.000800
1758637607.6214683,1.0006,1.0013,1.000950
1758637610.6492915,1.0006,1.0013,1.000950
1758637614.3659737,1.0009,1.0016,1.001250
1758637617.0753777,1.0009,1.0016,1.001250
1758637620.4167736,1.001,1.0017,1.001350
1758637623.110063,1.001,1.0017,1.001350
1758637627.2432795,1.001,1.0017,1.001350
1758637630.2752836,1.001,1.0017,1.001350
1758637633.0084982,1.001,1.0017,1.001350
1758637635.8071146,1.0013,1.0019,1.001600
1758637638.9538188,1.0013,1.0019,1.001600
1758637642.0872471,1.0013,1.0021,1.001700
1758637644.7765248,1.0013,1.0021,1.001700
1758637648.4925694,1.0013,1.0021,1.001700
1758637651.9569137,1.0017,1.0021,1.001900
1758637655.2882297,1.0017,1.0021,1.001900
1758637658.324769,1.0017,1.0021,1.001900
1758637660.9947724,1.0017,1.0021,1.001900
1758637664.0725868,1.0017,1.0021,1.001900
1758637666.7751772,1.0013,1.0021,1.001700
1758637670.1443424,1.0016,1.0021,1.001850
1758637672.8494523,1.0016,1.0021,1.001850
1758637676.0014646,1.0016,1.0021,1.001850
1758637680.2832546,1.0016,1.0021,1.001850
1758637682.9617186,1.0017,1.0024,1.002050
1758637686.3468025,1.0017,1.0024,1.002050
1758637689.5032988,1.0017,1.0024,1.002050
1758637692.3234022,1.0017,1.0024,1.002050
1758637695.052462,1.0016,1.0021,1.001850
1758637697.7908297,1.0016,1.0021,1.001850
1758637700.6318135,1.0016,1.0021,1.001850
1758637703.4869037,1.0016,1.0021,1.001850
1758637706.265928,1.0017,1.0024,1.002050
1758637709.6364095,1.0017,1.0024,1.002050
1758637712.342739,1.0016,1.0021,1.001850
1758637715.0219567,1.0016,1.0021,1.001850
1758637718.6636539,1.0016,1.0021,1.001850
1758637722.083346,1.0016,1.0021,1.001850
1758637726.14478,1.0017,1.0024,1.002050
1758637728.824654,1.0017,1.0024,1.002050
1758637731.7275195,1.0017,1.0024,1.002050
1758637734.7749598,1.0016,1.0021,1.001850
1758637737.4927907,1.0013,1.0021,1.001700
1758637740.4321952,1.001,1.0017,1.001350
1758637743.2189422,1.001,1.0017,1.001350
1758637745.9050179,1.001,1.0017,1.001350
1758637749.1947215,1.001,1.0017,1.001350
1758637752.2324796,1.0013,1.0021,1.001700
1758637754.9375474,1.0013,1.0021,1.001700
1758637759.3266964,1.0013,1.0021,1.001700
1758637762.3693912,1.001,1.0017,1.001350
1758637765.0473025,1.001,1.0017,1.001350
1758637767.739842,1.0013,1.0021,1.001700
1758637771.1663992,1.0017,1.0021,1.001900
1758637773.8299544,1.0017,1.0021,1.001900
1758637776.4760406,1.0017,1.0021,1.001900
1758637780.2801201,1.0017,1.0021,1.001900
1758637783.1504421,1.0017,1.0021,1.001900
1758637786.3993466,1.0013,1.0021,1.001700
1758637789.52624,1.0013,1.0021,1.001700
1758637792.9689403,1.001,1.0017,1.001350
1758637795.7131026,1.001,1.0017,1.001350
1758637800.3378117,1.001,1.0016,1.001300
1758637803.7159374,1.001,1.0016,1.001300
1758637808.1537175,1.001,1.0016,1.001300
1758637812.8547192,1.001,1.0016,1.001300
1758637815.366866,1.001,1.0016,1.001300
1758637817.2805564,1.0009,1.0016,1.001250
1758637820.2475326,1.0016,1.0017,1.001650
1758637823.8698845,1.0016,1.0017,1.001650
1758637827.2873523,1.0016,1.0017,1.001650
1758637830.7994099,1.0016,1.0017,1.001650
1758637834.0959616,1.0016,1.0017,1.001650
1758637836.7539234,1.0016,1.0017,1.001650
1758637840.0890818,1.0016,1.0021,1.001850
1758637843.5986254,1.0016,1.0021,1.001850
1758637847.5421464,1.0016,1.0021,1.001850
1758637850.2579398,1.0017,1.0024,1.002050
1758637853.266692,1.0017,1.0024,1.002050
1758637856.0823808,1.0017,1.0025,1.002100
1758637859.3019385,1.0017,1.0025,1.002100
1758637862.461917,1.0017,1.0021,1.001900
1758637863.716445,1.0017,1.0021,1.001900
1758637865.179092,1.0017,1.0021,1.001900
1758637868.0167477,1.0017,1.0021,1.001900
1758637870.698261,1.0017,1.0025,1.002100
1758637873.4481406,1.0017,1.0025,1.002100
1758637877.4378014,1.0021,1.0026,1.002350
1758637877.7037976,1.0016,1.0021,1.001850
1758637881.0945983,1.0016,1.0021,1.001850
1758637881.7673447,1.0016,1.0021,1.001850
1758637884.1425223,1.0016,1.0021,1.001850
1758637887.284344,1.0016,1.0021,1.001850
1758637890.5698514,1.0013,1.0021,1.001700
1758637893.1361544,1.0013,1.0021,1.001700
1758637895.8201206,1.001,1.0017,1.001350
1758637898.4724288,1.001,1.0017,1.001350
1758637901.8954556,1.001,1.0017,1.001350
1758637904.5884268,1.001,1.0017,1.001350
1758637907.2363343,1.001,1.0017,1.001350
1758637910.5349383,1.001,1.0017,1.001350
1758637914.113687,1.0013,1.0021,1.001700
1758637917.082857,1.0013,1.0021,1.001700
1758637919.7699642,1.001,1.0017,1.001350
1758637923.0267453,1.001,1.0017,1.001350
1758637925.766751,1.001,1.0016,1.001300
1758637928.4750748,1.001,1.0016,1.001300
1758637931.3880239,1.001,1.0016,1.001300
1758637934.6868076,1.001,1.0016,1.001300
1758637937.8828948,1.001,1.0016,1.001300
1758637941.6834471,1.001,1.0016,1.001300
1758637944.3879266,1.0009,1.0016,1.001250
1758637947.0474591,1.0009,1.0013,1.001100
1758637950.9029927,1.0009,1.0013,1.001100
1758637954.0304005,1.0009,1.0016,1.001250
1758637956.70668,1.0009,1.0016,1.001250
1758637960.050679,1.0009,1.0016,1.001250
1758637962.5977073,1.001,1.0017,1.001350
1758637965.3093255,1.001,1.0017,1.001350
1758637968.130885,1.001,1.0017,1.001350
1758637970.8997908,1.0013,1.0017,1.001500
1758637973.933236,1.0013,1.0017,1.001500
1758637977.3224256,1.0013,1.0017,1.001500
1758637980.7161355,1.0013,1.0017,1.001500
1758637984.150413,1.0013,1.0021,1.001700
1758637986.407966,1.0017,1.0021,1.001900
1758637989.0391364,1.0017,1.0021,1.001900
1758637991.8318534,1.0017,1.0021,1.001900
1758637994.6505466,1.0017,1.0021,1.001900
1758637998.0637512,1.0017,1.0021,1.001900
1758638000.7840183,1.0013,1.0021,1.001700
1758638004.602684,1.001,1.0017,1.001350
1758638007.4836426,1.001,1.0017,1.001350
1758638010.3537695,1.0013,1.0021,1.001700
1758638013.040346,1.0013,1.0021,1.001700
1758638015.7067626,1.0013,1.0021,1.001700
1758638018.495527,1.0016,1.0021,1.001850
1758638064.3004553,1.0016,1.0021,1.001850
1758638674.563788,1.0021,1.0026,1.002350
1758638681.7675462,1.0021,1.0026,1.002350
1758638689.6728644,1.0021,1.0026,1.002350
1758638697.4379997,1.0017,1.0025,1.002100
1758638705.0263956,1.0017,1.0024,1.002050
1758638715.3744934,1.0016,1.0021,1.001850
1758638723.2310927,1.0016,1.0021,1.001850
1758638731.034996,1.0013,1.0021,1.001700
1758638738.061365,1.0013,1.0021,1.001700
1758638745.4061122,1.0017,1.0021,1.001900
1758638753.7990875,1.0017,1.0021,1.001900
1758638760.803634,1.0017,1.0021,1.001900
1758638768.192449,1.0017,1.0021,1.001900
1758638775.4294808,1.0017,1.0021,1.001900
1758638783.7653227,1.0017,1.0024,1.002050
1758638790.7506316,1.0017,1.0024,1.002050
1758638798.233596,1.0016,1.0021,1.001850
1758638805.792052,1.0016,1.0021,1.001850
1758638823.968833,1.0017,1.0024,1.002050
1758638828.8606606,1.0017,1.0024,1.002050
1758638838.2618887,1.0016,1.0021,1.001850
1758638847.2879074,1.0016,1.0021,1.001850
1758638855.0126235,1.0016,1.0021,1.001850
1758638863.6018424,1.0016,1.0021,1.001850
1758638871.245725,1.0016,1.0021,1.001850
1758638878.8568807,1.0017,1.0024,1.002050
1758638885.7584856,1.0017,1.0024,1.002050
1758638894.4312425,1.0016,1.0021,1.001850
1758638905.0019069,1.0016,1.0021,1.001850
1758638909.772114,1.0016,1.0021,1.001850
1758638917.1667967,1.0013,1.0021,1.001700
1758638924.294773,1.001,1.0017,1.001350
1758638931.2169151,1.001,1.0017,1.001350
1758638939.6665194,1.001,1.0017,1.001350
1758638946.5504637,1.001,1.0017,1.001350
1758638954.8381352,1.0013,1.0021,1.001700
1758638962.271955,1.0013,1.0021,1.001700
1758638970.8936255,1.001,1.0017,1.001350
1758638979.8624396,1.001,1.0017,1.001350
1758638987.5071974,1.001,1.0016,1.001300
1758638994.5073872,1.001,1.0016,1.001300
1758639003.3918433,1.001,1.0016,1.001300
1758639012.2738829,1.001,1.0016,1.001300
1758639019.402563,1.001,1.0016,1.001300
1758639027.598056,1.001,1.0016,1.001300
1758639035.0231774,1.0009,1.0016,1.001250
1758639043.1012392,1.0009,1.0016,1.001250
1758639065.2516904,1.0009,1.0016,1.001250
1758639067.0294247,1.0008,1.0013,1.001050
1758639075.4468837,1.0008,1.0013,1.001050
1758639083.1238992,1.0008,1.0013,1.001050
1758639090.1101682,1.0008,1.0013,1.001050
1758639097.9044352,1.0009,1.0016,1.001250
1758639105.4288516,1.001,1.0016,1.001300
1758639112.9437041,1.001,1.0016,1.001300
1758639123.068623,1.001,1.0016,1.001300
1758639131.5782986,1.001,1.0016,1.001300
1758639139.0166774,1.001,1.0016,1.001300
1758639148.371487,1.001,1.0016,1.001300
1758639156.351566,1.001,1.0016,1.001300
1758639163.3720717,1.001,1.0016,1.001300
1758639170.5334253,1.001,1.0016,1.001300
1758639179.9881773,1.001,1.0016,1.001300
1758639187.7714033,1.001,1.0016,1.001300
1758639497.0333977,1.0009,1.0016,1.001250
1758639504.6801958,1.0009,1.0016,1.001250
1758639512.2182915,1.0008,1.0013,1.001050
1758639519.0965211,1.0008,1.0013,1.001050
1758639526.2779317,1.0008,1.0013,1.001050
1758639535.0508955,1.0008,1.0013,1.001050
1758639542.507414,1.0006,1.0013,1.000950
1758639550.1957467,1.0009,1.0016,1.001250
1758639557.082123,1.0009,1.0016,1.001250
1758639571.145128,1.0009,1.0016,1.001250
1758639573.0236435,1.0006,1.0013,1.000950
1758639580.2005076,1.0006,1.0013,1.000950
1758639587.0236156,1.0006,1.0013,1.000950
1758639595.3116353,1.0009,1.0016,1.001250
1758639604.1264534,1.0009,1.0016,1.001250
1758639611.508336,1.0009,1.0016,1.001250
1758639619.2819822,1.0006,1.0013,1.000950
1758639671.1687558,1.0009,1.0016,1.001250
1758639673.5493367,1.0006,1.0013,1.000950
1758639679.9170747,1.0004,1.0009,1.000650
1758639680.4566445,1.0004,1.0009,1.000650
1758639682.4941354,1.0003,1.0009,1.000600
1758639688.0031528,1.0006,1.001,1.000800
1758639695.4166303,1.0006,1.001,1.000800
1758639705.1622655,1.0006,1.001,1.000800
1758639713.0362842,1.0006,1.001,1.000800
1758639721.3768666,1.0003,1.0009,1.000600
1758639729.7985163,1.0003,1.0009,1.000600
1758639740.141086,1.0003,1.0009,1.000600
1758639747.5944915,1.0003,1.0009,1.000600
1758639749.4802744,1.0003,1.0009,1.000600
1758639757.1602209,1.0006,1.001,1.000800
1758639764.2340672,1.0006,1.001,1.000800
1758639767.20956,1.0006,1.001,1.000800
1758639772.4542456,1.0003,1.0009,1.000600
1758639780.2641368,1.0003,1.0009,1.000600
1758639787.2448008,1.0006,1.001,1.000800
1758639794.447576,1.0006,1.001,1.000800
1758639796.1102633,1.0006,1.0009,1.000750
1758639803.1045299,1.0006,1.0009,1.000750
1758639810.9171932,1.0006,1.0009,1.000750
1758639818.9205995,1.0006,1.0009,1.000750
1758639827.025287,1.0003,1.0009,1.000600
1758639834.7422886,1.0003,1.0009,1.000600
1758639842.5133517,1.0003,1.0009,1.000600
1758639844.7068045,1.0003,1.0009,1.000600
1758639849.6575747,1.0003,1.0009,1.000600
1758639856.8958433,1.0006,1.0009,1.000750
1758639858.789681,1.0006,1.0009,1.000750
1758639863.7620258,1.0006,1.0009,1.000750
1758639867.420466,1.0009,1.001,1.000950
1758639870.929502,1.0009,1.001,1.000950
1758639878.6841364,1.0009,1.001,1.000950
1758639885.6822364,1.0009,1.001,1.000950
1758639888.1757243,1.0006,1.001,1.000800
1758639908.768558,1.0006,1.001,1.000800
1758639910.9339812,1.0006,1.001,1.000800
1758639911.8523219,1.0005,1.0006,1.000550
1758639916.6721795,1.0005,1.0006,1.000550
1758639924.4801514,1.0005,1.0006,1.000550
1758639932.2527277,1.0005,1.0006,1.000550
1758639939.0923738,1.0005,1.0006,1.000550
1758639939.3217428,1.0005,1.0006,1.000550
1758639948.0931537,1.0005,1.0006,1.000550
1758639954.842918,1.0005,1.0006,1.000550
1758639963.384354,1.0005,1.0006,1.000550
1758639971.3629282,1.0005,1.0006,1.000550
1758639976.0654094,1.0005,1.0006,1.000550
1758639979.436122,1.0005,1.0006,1.000550
1758639986.7046564,1.0005,1.0006,1.000550
1758639988.0885494,1.0003,1.0006,1.000450
1758639988.4295747,1.0006,1.0009,1.000750
1758639994.4140258,1.0006,1.0009,1.000750
1758640003.0615819,1.0006,1.0009,1.000750
1758640010.2096162,1.0006,1.0009,1.000750
1758640011.404836,1.0006,1.0009,1.000750
1758640017.5219097,1.0006,1.0009,1.000750
1758640025.2146409,1.0006,1.0009,1.000750
1758640033.4406083,1.0006,1.001,1.000800
1758640036.6664653,1.0006,1.001,1.000800
1758640040.8425057,1.0006,1.001,1.000800
1758640043.6261487,1.0006,1.0009,1.000750
1758640048.34675,1.0006,1.0009,1.000750
1758640056.9807248,1.0006,1.0009,1.000750
1758640065.9175332,1.0006,1.0009,1.000750
1758640074.185798,1.0006,1.0009,1.000750
1758640075.4521506,1.0006,1.0009,1.000750
1758640081.7230124,1.0006,1.0009,1.000750
1758640088.590653,1.0006,1.0009,1.000750
1758640096.5298688,1.0006,1.0009,1.000750
1758640104.3668156,1.0006,1.0009,1.000750
1758640104.6957805,1.0006,1.0009,1.000750
1758640109.7652452,1.0006,1.0009,1.000750
1758640111.4602296,1.0006,1.0009,1.000750
1758640117.8215375,1.0006,1.0009,1.000750
1758640118.6886454,1.0006,1.0009,1.000750
1758640122.2333393,1.0006,1.0009,1.000750
1758640125.6986234,1.0006,1.0009,1.000750
1758640126.1617582,1.0006,1.0009,1.000750
1758640131.1675406,1.0006,1.0009,1.000750
1758640133.2438107,1.0006,1.0009,1.000750
1758640134.8258183,1.0006,1.0009,1.000750
1758640139.8428164,1.0006,1.0009,1.000750
1758640141.3903546,1.0006,1.0009,1.000750
1758640143.8363261,1.0006,1.0009,1.000750
1758640149.3089762,1.0006,1.0009,1.000750
1758640151.2884219,1.0006,1.0009,1.000750
1758640156.439109,1.0006,1.0009,1.000750
1758640156.864162,1.0006,1.0009,1.000750
1758640163.9131172,1.0006,1.0009,1.000750
1758640164.7222095,1.0006,1.0009,1.000750
1758640172.6609807,1.0006,1.0009,1.000750
1758640179.3976393,1.0006,1.0009,1.000750
1758640180.4031236,1.0006,1.0009,1.000750
1758640182.392921,1.0006,1.0009,1.000750
1758640188.4846797,1.0006,1.0009,1.000750
1758640196.625533,1.0006,1.0009,1.000750
1758640204.3649802,1.0006,1.0009,1.000750
1758640213.3436413,1.0006,1.0009,1.000750
1758640213.9138834,1.0006,1.0009,1.000750
1758640220.8724465,1.0006,1.001,1.000800
1758640226.5975347,1.0006,1.001,1.000800
1758640227.8890336,1.0006,1.001,1.000800
1758640234.9997525,1.0006,1.001,1.000800
1758640235.2607443,1.0006,1.001,1.000800
1758640239.5853312,1.0006,1.0009,1.000750
1758640240.2885435,1.0006,1.0009,1.000750
1758640241.846444,1.0006,1.0009,1.000750
1758640245.0022779,1.0006,1.0009,1.000750
1758640250.0773473,1.0006,1.0009,1.000750
1758640252.8951123,1.0006,1.0009,1.000750
1758640256.8425612,1.0006,1.0009,1.000750
1758640264.239181,1.0006,1.0009,1.000750
1758640269.0205503,1.0006,1.0009,1.000750
1758640270.8472817,1.0006,1.001,1.000800
1758640277.8402472,1.0006,1.0009,1.000750
1758640297.0684073,1.0008,1.0009,1.000850
1758640301.0726538,1.0008,1.0009,1.000850
1758640303.0013683,1.0008,1.0009,1.000850
1758640310.198797,1.0008,1.0009,1.000850
1758640321.0136256,1.0008,1.0009,1.000850
1758640325.262766,1.0009,1.001,1.000950
1758640328.6286778,1.0009,1.001,1.000950
1758640334.230555,1.0009,1.001,1.000950
1758640335.927776,1.0009,1.001,1.000950
1758640340.9875474,1.0009,1.001,1.000950
1758640341.5327187,1.0009,1.001,1.000950
1758640344.7591152,1.0009,1.001,1.000950
1758640349.4555464,1.0009,1.001,1.000950
1758640350.5894518,1.0007,1.001,1.000850
1758640359.336728,1.0007,1.001,1.000850
1758640363.4128296,1.0007,1.001,1.000850
1758640368.3398004,1.0007,1.001,1.000850
1758640369.2296684,1.0007,1.0009,1.000800
1758640370.8102286,1.0007,1.0009,1.000800
1758640372.0739667,1.0007,1.001,1.000850
1758640377.0905085,1.0007,1.001,1.000850
1758640381.3787107,1.0007,1.0009,1.000800
1758640391.6964738,1.0007,1.0009,1.000800
1758640392.8643584,1.0007,1.0009,1.000800
1758640399.4776895,1.0007,1.0009,1.000800
1758640406.86006,1.0007,1.0009,1.000800
1758640410.0965996,1.0007,1.0009,1.000800
1758640414.6107054,1.0007,1.0009,1.000800
1758640421.753906,1.0007,1.0009,1.000800
1758640428.5435953,1.0007,1.0009,1.000800
1758640436.2874274,1.0007,1.0009,1.000800
1758640444.16366,1.0007,1.0009,1.000800
1758640451.949454,1.0007,1.0009,1.000800
1758640458.8084018,1.0007,1.0009,1.000800
1758640465.7896264,1.0007,1.0009,1.000800
1758640474.4082563,1.0007,1.0009,1.000800
1758640481.8892663,1.0007,1.0009,1.000800
1758640488.5801477,1.0007,1.0009,1.000800
1758640489.8553119,1.0007,1.0009,1.000800
1758640498.8189392,1.0007,1.0009,1.000800
1758640505.8797383,1.0007,1.0009,1.000800
1758640512.5744731,1.0007,1.0009,1.000800
1758640513.9852808,1.0007,1.0009,1.000800
1758640521.5538313,1.0007,1.0009,1.000800
1758640529.277341,1.0007,1.0009,1.000800
1758640534.4809034,1.0007,1.0009,1.000800
1758640537.2681437,1.0007,1.0009,1.000800
1758640544.9711566,1.0007,1.0009,1.000800
1758640545.54177,1.0007,1.0009,1.000800
1758640554.4140747,1.0007,1.0009,1.000800
1758640563.7401628,1.0007,1.0009,1.000800
1758640572.753009,1.0007,1.0009,1.000800
1758640580.0421782,1.0007,1.0009,1.000800
1758640587.2143202,1.0007,1.0009,1.000800
1758640594.832237,1.0007,1.001,1.000850
1758640602.6505363,1.0007,1.001,1.000850
1758640609.8215194,1.0007,1.001,1.000850
1758640611.7708461,1.0007,1.001,1.000850
1758640617.2133687,1.0007,1.001,1.000850
1758640624.9994664,1.0007,1.001,1.000850
1758640632.910766,1.0007,1.001,1.000850
1758640639.6026762,1.0007,1.001,1.000850
1758640647.2203658,1.0007,1.001,1.000850
1758640655.520937,1.0007,1.001,1.000850
1758640659.7175744,1.0007,1.001,1.000850
1758640662.4409974,1.0007,1.001,1.000850
1758640667.899455,1.0007,1.0009,1.000800
1758640670.8094685,1.0007,1.0009,1.000800
1758640682.2239544,1.0007,1.0009,1.000800
1758640689.607233,1.0007,1.0009,1.000800
1758640689.9763439,1.0007,1.0009,1.000800
1758640697.0468905,1.0007,1.0009,1.000800
1758640704.6316223,1.0007,1.0009,1.000800
1758640712.9226909,1.0007,1.0009,1.000800
1758640719.8324316,1.0007,1.0009,1.000800
1758640728.2818666,1.0007,1.0009,1.000800
1758640735.5423064,1.0007,1.0009,1.000800
1758640742.8680675,1.0007,1.0009,1.000800
1758640750.4102693,1.0007,1.0009,1.000800
1758640758.902189,1.0007,1.0009,1.000800
1758640767.4975548,1.0007,1.0009,1.000800
1758640774.9006927,1.0007,1.0009,1.000800
1758640782.1334817,1.0007,1.001,1.000850
1758640787.9261596,1.0007,1.0009,1.000800
1758640788.773066,1.0007,1.0009,1.000800
1758640796.1656322,1.0007,1.0009,1.000800
1758640803.5452936,1.0007,1.0009,1.000800
1758640811.1363955,1.0007,1.0009,1.000800
1758640818.2006578,1.0007,1.0009,1.000800
1758640825.270931,1.0007,1.0009,1.000800
1758640832.3071156,1.0007,1.0009,1.000800
1758640839.4490194,1.0007,1.0009,1.000800
1758640846.9396434,1.0007,1.0009,1.000800
1758640855.6914132,1.0007,1.0009,1.000800
1758640863.7655568,1.0007,1.001,1.000850
1758640870.974191,1.0007,1.001,1.000850
1758640876.8213294,1.0007,1.001,1.000850
1758640878.8739855,1.0007,1.001,1.000850
1758640886.0237837,1.0007,1.001,1.000850
1758640891.5530608,1.0006,1.001,1.000800
1758640915.2061722,1.0006,1.001,1.000800
1758640938.163069,1.0005,1.0009,1.000700
1758640956.2612593,1.0005,1.0009,1.000700
1758640959.5926983,1.0005,1.0009,1.000700
1758640968.3449407,1.0005,1.0009,1.000700
1758640975.2967145,1.0005,1.0009,1.000700
1758640983.3334162,1.0005,1.0009,1.000700
1758640989.9716177,1.0006,1.0009,1.000750
1758640997.187224,1.0006,1.0009,1.000750
1758641004.5353162,1.0006,1.0009,1.000750
1758641012.0822508,1.0006,1.0009,1.000750
1758641019.7325337,1.0006,1.0009,1.000750
1758641020.9429684,1.0006,1.0009,1.000750
1758641025.553656,1.0006,1.0009,1.000750
1758641028.6092086,1.0005,1.0009,1.000700
1758641036.5788682,1.0005,1.0009,1.000700
1758641037.612794,1.0005,1.0009,1.000700
1758641043.9093046,1.0005,1.0009,1.000700
1758641050.7233872,1.0005,1.0009,1.000700
1758641058.437657,1.0004,1.0009,1.000650
1758641065.5124345,1.0004,1.0009,1.000650
1758641072.588696,1.0004,1.0009,1.000650
1758641080.6611888,1.0004,1.0009,1.000650
1758641088.06256,1.0004,1.0009,1.000650
1758641095.4353414,1.0004,1.0009,1.000650
1758641102.6587965,1.0004,1.0009,1.000650
1758641109.9063487,1.0004,1.0009,1.000650
1758641113.4252517,1.0004,1.0009,1.000650
1758641116.1138194,1.0004,1.0009,1.000650
1758641123.1294959,1.0003,1.0009,1.000600
1758641130.9059322,1.0003,1.0009,1.000600
1758641140.8340924,1.0003,1.0009,1.000600
1758641147.5122757,1.0004,1.0009,1.000650
1758641147.9890623,1.0004,1.0009,1.000650
1758641153.6009457,1.0004,1.0009,1.000650
1758641155.1725526,1.0006,1.0009,1.000750
1758641162.1627376,1.0006,1.0009,1.000750
1758641168.651566,1.0006,1.0009,1.000750
1758641169.4598415,1.0004,1.0009,1.000650
1758641176.2250798,1.0004,1.0009,1.000650
1758641183.981965,1.0004,1.0009,1.000650
1758641189.6511953,1.0004,1.0009,1.000650
1758641190.563648,1.0004,1.0009,1.000650
1758641198.1731713,1.0004,1.0009,1.000650
1758641206.4173012,1.0004,1.0009,1.000650
1758641211.0166192,1.0004,1.0009,1.000650
1758641213.4892693,1.0004,1.0009,1.000650
1758641217.3288963,1.0009,1.0015,1.001200
1758641220.9379156,1.0009,1.0015,1.001200
1758641228.0958505,1.0009,1.0015,1.001200
1758641228.4009686,1.0009,1.0014,1.001150
1758641235.2508051,1.0009,1.0014,1.001150
1758641242.380843,1.0006,1.0013,1.000950
1758641250.7055447,1.0006,1.0013,1.000950
1758641254.1916313,1.0006,1.0013,1.000950
1758641258.0658717,1.0006,1.0013,1.000950
1758641265.8053339,1.0009,1.0013,1.001100
1758641274.1641672,1.0009,1.0013,1.001100
1758641281.9897285,1.0006,1.0013,1.000950
1758641289.2179806,1.0005,1.0009,1.000700
1758641296.931674,1.0005,1.0009,1.000700
1758641305.46832,1.0006,1.001,1.000800
1758641307.933642,1.0006,1.001,1.000800
1758641312.3692605,1.0006,1.001,1.000800
1758641319.9984162,1.0005,1.0009,1.000700
1758641323.126916,1.0005,1.0009,1.000700
1758641327.5152314,1.0005,1.0009,1.000700
1758641335.3215952,1.0006,1.0009,1.000750
1758641342.879546,1.0006,1.0009,1.000750
1758641350.536825,1.0006,1.0009,1.000750
1758641358.7216682,1.0006,1.0009,1.000750
1758641360.4638393,1.0006,1.0009,1.000750
1758641365.4024138,1.0006,1.0009,1.000750
1758641372.7843933,1.0006,1.0009,1.000750
1758641379.7902672,1.0006,1.0009,1.000750
1758641387.3703165,1.0005,1.0009,1.000700
1758641393.6867225,1.0005,1.0009,1.000700
1758641459.0471478,1.0005,1.0009,1.000700
1758641467.1114979,1.0005,1.0007,1.000600
1758641474.805633,1.0005,1.0006,1.000550
1758641486.1431448,1.0005,1.0006,1.000550
1758641494.116567,1.0004,1.0005,1.000450
1758641497.7578256,1.0004,1.0005,1.000450
1758641504.96414,1.0004,1.0006,1.000500
1758641506.5383375,1.0004,1.0006,1.000500
1758641548.1913314,1.0004,1.0006,1.000500
1758641555.8654141,1.0004,1.0005,1.000450
1758641571.5475645,1.0004,1.0005,1.000450
1758641590.002649,1.0004,1.0006,1.000500
1758641594.0221224,1.0004,1.0005,1.000450
1758641612.240548,1.0004,1.0005,1.000450
1758641619.8268976,1.0004,1.0005,1.000450
1758641634.2810073,1.0004,1.0005,1.000450
1758641636.7004414,1.0004,1.0005,1.000450
1758641639.056575,1.0004,1.0005,1.000450
1758641644.9442835,1.0004,1.0005,1.000450
1758641744.891108,1.0004,1.0005,1.000450
1758641748.3342512,1.0004,1.0005,1.000450
1758641752.0160837,1.0004,1.0006,1.000500
1758641801.3082893,1.0004,1.0006,1.000500
1758642169.3366418,1.0004,1.0006,1.000500
1758642241.2264752,1.0004,1.0006,1.000500
1758642252.3474164,1.0004,1.0006,1.000500
1758642459.7275958,1.0004,1.0006,1.000500
1758642531.3057425,1.0004,1.0006,1.000500
1758642545.2950032,1.0003,1.0006,1.000450
1758642548.1222205,1.0003,1.0006,1.000450
1758642550.1969314,1.0003,1.0006,1.000450
1758642553.5101135,1.0003,1.0006,1.000450
1758642556.0144165,1.0003,1.0006,1.000450
1758642558.233328,1.0003,1.0006,1.000450
1758642562.4877033,1.0003,1.0006,1.000450
1758642564.9952307,1.0003,1.0006,1.000450
1758642568.1289814,1.0003,1.0006,1.000450
1758642570.73336,1.0003,1.0006,1.000450
1758642574.4545383,1.0003,1.0006,1.000450
1758642576.9112236,1.0003,1.0006,1.000450
1758642579.2998705,1.0003,1.0006,1.000450
1758642582.4993865,1.0003,1.0006,1.000450
1758642585.7768936,1.0003,1.0006,1.000450
1758642588.3742712,1.0004,1.0006,1.000500
1758642588.9105108,1.0004,1.0006,1.000500
1758642593.010778,1.0004,1.0006,1.000500
1758642595.2696116,1.0004,1.0006,1.000500
1758642599.3786612,1.0004,1.0006,1.000500
1758642602.8652194,1.0004,1.0006,1.000500
1758642806.1717937,1.0004,1.0006,1.000500
1758642825.685527,1.0004,1.0006,1.000500
1758642844.2340653,1.0003,1.0006,1.000450
1758642845.1042256,1.0004,1.0006,1.000500
1758642873.47332,1.0004,1.0005,1.000450
1758642893.6447785,1.0004,1.0005,1.000450
1758642987.1815505,1.0004,1.0005,1.000450
1758643005.9924328,1.0004,1.0005,1.000450
1758643013.7010167,1.0004,1.0005,1.000450
1758643018.6198268,1.0004,1.0005,1.000450
1758643022.650295,1.0004,1.0005,1.000450
1758643027.0666623,1.0004,1.0005,1.000450
1758643031.834426,1.0004,1.0005,1.000450
1758643036.208111,1.0004,1.0005,1.000450
1758643039.8263805,1.0004,1.0005,1.000450
1758643044.7966812,1.0004,1.0005,1.000450
1758643045.4536512,1.0004,1.0005,1.000450
1758643046.0845783,1.0004,1.0005,1.000450
1758643050.4864032,1.0004,1.0005,1.000450
1758643067.5875204,1.0004,1.0005,1.000450
1758643156.5940034,1.0004,1.0005,1.000450
1758643167.1749763,1.0004,1.0005,1.000450
1758643175.295151,1.0004,1.0005,1.000450
1758643202.5050013,1.0004,1.0005,1.000450
1758643202.8141832,1.0004,1.0005,1.000450
1758643210.0977626,1.0004,1.0005,1.000450
1758643232.942145,1.0004,1.0005,1.000450
1758643244.864827,1.0004,1.0005,1.000450
1758643252.5559833,1.0004,1.0005,1.000450
1758643271.7547817,1.0004,1.0005,1.000450
1758643273.904854,1.0004,1.0005,1.000450
1758643311.144571,1.0004,1.0005,1.000450
1758643325.42263,1.0004,1.0005,1.000450
1758643338.0290644,1.0004,1.0005,1.000450
1758643341.1908648,1.0004,1.0005,1.000450
1758643358.6777449,1.0004,1.0005,1.000450
1758643367.7305944,1.0004,1.0005,1.000450
1758643373.9516408,1.0004,1.0005,1.000450
1758643380.0371375,1.0004,1.0005,1.000450
1758643416.054446,1.0004,1.0005,1.000450
1758643416.2892196,1.0004,1.0005,1.000450
1758643416.537054,1.0004,1.0005,1.000450
1758643416.7994416,1.0004,1.0005,1.000450
1758643417.0490205,1.0004,1.0005,1.000450
1758643417.3110993,1.0004,1.0005,1.000450
1758643417.5701046,1.0004,1.0005,1.000450
1758643417.8232632,1.0004,1.0005,1.000450
1758643418.0724268,1.0004,1.0005,1.000450
1758643418.3275337,1.0004,1.0005,1.000450
1758643418.5799735,1.0004,1.0005,1.000450
1758643418.833669,1.0004,1.0005,1.000450
1758643419.0878007,1.0004,1.0005,1.000450
1758643419.3539996,1.0004,1.0005,1.000450
1758643419.6030593,1.0004,1.0005,1.000450
1758643419.8565478,1.0004,1.0005,1.000450
1758643451.166629,1.0004,1.0005,1.000450
1758643486.3726976,1.0004,1.0005,1.000450
1758643503.1928964,1.0004,1.0005,1.000450
1758643519.93338,1.0004,1.0005,1.000450
1758643538.9126508,1.0004,1.0005,1.000450
1758643606.5226192,1.0004,1.0005,1.000450
1758643643.3036735,1.0004,1.0005,1.000450
1758643655.6072457,1.0004,1.0005,1.000450
1758643686.6628015,1.0004,1.0005,1.000450
1758643693.276459,1.0004,1.0005,1.000450
1758643699.4649034,1.0004,1.0005,1.000450
1758643706.2292674,1.0004,1.0005,1.000450
1758643719.9189763,1.0004,1.0005,1.000450
1758643727.107646,1.0004,1.0005,1.000450
1758643743.6965573,1.0004,1.0005,1.000450
1758643755.1950808,1.0004,1.0005,1.000450
1758643766.1771822,1.0004,1.0005,1.000450
1758643779.9497585,1.0004,1.0005,1.000450
1758643797.2908359,1.0004,1.0005,1.000450
1758643835.37943,1.0004,1.0005,1.000450
1758643852.816882,1.0004,1.0005,1.000450
1758643865.050691,1.0004,1.0005,1.000450
1758643876.6470246,1.0004,1.0005,1.000450
1758643877.086358,1.0004,1.0005,1.000450
1758643885.2708516,1.0004,1.0005,1.000450
1758643890.0957825,1.0004,1.0005,1.000450
1758643897.9526238,1.0004,1.0005,1.000450
1758643898.4967198,1.0004,1.0005,1.000450
1758643899.3196092,1.0004,1.0005,1.000450
1758643904.2454052,1.0004,1.0005,1.000450
1758643914.425164,1.0004,1.0005,1.000450
1758643916.0553193,1.0004,1.0005,1.000450
1758643918.2705855,1.0004,1.0005,1.000450
1758643919.5677617,1.0004,1.0005,1.000450
1758643922.2167897,1.0004,1.0005,1.000450
1758643929.3742504,1.0004,1.0005,1.000450
1758643969.1796553,1.0004,1.0005,1.000450
1758643981.0613937,1.0004,1.0005,1.000450
1758643993.5380898,1.0004,1.0005,1.000450
1758644005.6071918,1.0004,1.0005,1.000450
1758644018.6163247,1.0004,1.0005,1.000450
1758644025.4217827,1.0004,1.0005,1.000450
1758644032.1814914,1.0004,1.0005,1.000450
1758644037.9319637,1.0004,1.0005,1.000450
1758644043.8105621,1.0004,1.0005,1.000450
1758644057.9080284,1.0004,1.0005,1.000450
1758644130.947607,1.0004,1.0005,1.000450
1758644132.583195,1.0004,1.0005,1.000450
1758644141.8224025,1.0004,1.0005,1.000450
1758644153.2708638,1.0004,1.0005,1.000450
1758644154.1867054,1.0004,1.0005,1.000450
1758644157.4301605,1.0004,1.0005,1.000450
1758644161.9950976,1.0004,1.0005,1.000450
1758644168.7640705,1.0004,1.0005,1.000450
1758644169.2385454,1.0004,1.0005,1.000450
1758644179.3605292,1.0004,1.0005,1.000450
1758644181.9529383,1.0004,1.0005,1.000450
1758644182.743354,1.0004,1.0005,1.000450
1758644188.108374,1.0004,1.0005,1.000450
1758644190.8272612,1.0004,1.0005,1.000450
1758644198.7688754,1.0004,1.0005,1.000450
1758644207.3424892,1.0004,1.0005,1.000450
1758644214.1952279,1.0004,1.0005,1.000450
1758644226.853073,1.0004,1.0005,1.000450
1758644243.4653642,1.0004,1.0005,1.000450
1758644259.8407135,1.0004,1.0005,1.000450
1758644277.9467714,1.0004,1.0005,1.000450
1758644279.551309,1.0004,1.0005,1.000450
1758644288.0372615,1.0004,1.0005,1.000450
1758644297.328405,1.0004,1.0005,1.000450
1758644306.0938003,1.0004,1.0005,1.000450
1758644318.580852,1.0004,1.0005,1.000450
1758644326.3100805,1.0004,1.0005,1.000450
1758644329.7533584,1.0004,1.0005,1.000450
1758644335.2067852,1.0004,1.0005,1.000450
1758644340.2805068,1.0004,1.0005,1.000450
1758644341.1217759,1.0004,1.0005,1.000450
1758644342.4570973,1.0004,1.0005,1.000450
1758644345.4277303,1.0004,1.0005,1.000450
1758644391.857766,1.0004,1.0005,1.000450
1758644402.4908764,1.0004,1.0005,1.000450
1758644408.004853,1.0004,1.0005,1.000450
1758644408.9575179,1.0004,1.0005,1.000450
1758644412.5329797,1.0004,1.0005,1.000450
1758644413.3892033,1.0004,1.0005,1.000450
1758644418.2641907,1.0004,1.0005,1.000450
1758644423.559489,1.0004,1.0005,1.000450
1758644424.3223906,1.0004,1.0005,1.000450
1758644425.6059496,1.0004,1.0005,1.000450
1758644431.111124,1.0004,1.0005,1.000450
1758644435.6908884,1.0004,1.0005,1.000450
1758644436.9193752,1.0004,1.0005,1.000450
1758644441.7730732,1.0004,1.0005,1.000450
1758644448.7842245,1.0004,1.0005,1.000450
1758644449.9622016,1.0004,1.0005,1.000450
1758644465.7446783,1.0004,1.0005,1.000450
1758644480.4082174,1.0004,1.0005,1.000450
1758644507.4214928,1.0004,1.0005,1.000450
1758644530.7715535,1.0004,1.0005,1.000450
1758644535.6928477,1.0004,1.0005,1.000450
1758644540.7725282,1.0004,1.0005,1.000450
1758644551.3508046,1.0004,1.0005,1.000450
1758644571.923756,1.0004,1.0005,1.000450
1758644584.3644986,1.0004,1.0005,1.000450
1758644591.465565,1.0004,1.0005,1.000450
1758644609.2268848,1.0004,1.0005,1.000450
1758644619.5651295,1.0004,1.0005,1.000450
1758644629.8261948,1.0004,1.0005,1.000450
1758644636.0020852,1.0004,1.0005,1.000450
1758644643.6551206,1.0004,1.0005,1.000450
1758644644.852221,1.0004,1.0005,1.000450
1758644651.9141285,1.0004,1.0005,1.000450
1758644657.2623525,1.0005,1.0007,1.000600
1758644658.2136946,1.0004,1.0005,1.000450
1758644659.0633307,1.0004,1.0005,1.000450
1758644664.3013263,1.0004,1.0005,1.000450
1758644671.2545958,1.0004,1.0005,1.000450
1758644672.751173,1.0004,1.0005,1.000450
1758644692.7143252,1.0004,1.0005,1.000450
1758644694.6489234,1.0004,1.0005,1.000450
1758644701.3652928,1.0004,1.0005,1.000450
1758644708.4124873,1.0004,1.0005,1.000450
1758644713.8143475,1.0004,1.0005,1.000450
1758644719.8656905,1.0004,1.0005,1.000450
1758644723.5432422,1.0004,1.0005,1.000450
1758644724.4393091,1.0004,1.0005,1.000450
1758644728.6328456,1.0004,1.0005,1.000450
1758644734.0738716,1.0004,1.0005,1.000450
1758644735.4637141,1.0004,1.0005,1.000450
1758644744.4515374,1.0004,1.0005,1.000450
1758644745.2036924,1.0004,1.0005,1.000450
1758644746.603528,1.0004,1.0005,1.000450
1758644748.816576,1.0004,1.0005,1.000450
1758644749.9105062,1.0004,1.0005,1.000450
1758644755.6998692,1.0004,1.0005,1.000450
1758644761.0935726,1.0004,1.0005,1.000450
1758644764.0946531,1.0004,1.0005,1.000450
1758644765.420639,1.0004,1.0005,1.000450
1758644766.3428526,1.0004,1.0005,1.000450
1758644769.7832997,1.0004,1.0005,1.000450
1758644771.4284296,1.0004,1.0005,1.000450
1758644777.0725994,1.0004,1.0005,1.000450
1758644777.8215952,1.0004,1.0005,1.000450
1758644779.5618892,1.0004,1.0005,1.000450
1758644782.6894093,1.0004,1.0005,1.000450
1758644785.7211752,1.0004,1.0005,1.000450
1758644788.2009804,1.0004,1.0005,1.000450
1758644793.575345,1.0004,1.0005,1.000450
1758644794.326178,1.0004,1.0005,1.000450
1758644800.1268435,1.0004,1.0005,1.000450
1758644800.8803504,1.0004,1.0005,1.000450
1758644806.3194356,1.0004,1.0005,1.000450
1758644806.6535478,1.0004,1.0005,1.000450
1758644812.9650922,1.0004,1.0005,1.000450
1758644827.252605,1.0004,1.0005,1.000450
1758644836.1925044,1.0004,1.0005,1.000450
1758644841.3228998,1.0004,1.0005,1.000450
1758644842.8695514,1.0004,1.0005,1.000450
1758644844.8621433,1.0004,1.0005,1.000450
1758644849.6505215,1.0004,1.0005,1.000450
1758644853.9310846,1.0004,1.0005,1.000450
1758644855.3883336,1.0004,1.0005,1.000450
1758644858.9544623,1.0004,1.0005,1.000450
1758644859.9783304,1.0004,1.0005,1.000450
1758644861.333785,1.0004,1.0005,1.000450
1758644862.204499,1.0005,1.0007,1.000600
1758644862.8632917,1.0004,1.0005,1.000450
1758644869.202385,1.0004,1.0005,1.000450
1758644872.3632405,1.0004,1.0005,1.000450
1758644880.2690258,1.0004,1.0005,1.000450
1758644883.459156,1.0004,1.0005,1.000450
1758644884.3380191,1.0004,1.0005,1.000450
1758644888.0598629,1.0004,1.0005,1.000450
1758644898.19042,1.0004,1.0005,1.000450
1758644898.6498873,1.0004,1.0007,1.000550
1758644899.6943345,1.0004,1.0005,1.000450
1758644905.7684922,1.0004,1.0005,1.000450
1758644909.8736427,1.0004,1.0005,1.000450
1758644911.5405424,1.0004,1.0005,1.000450
1758644913.9153054,1.0004,1.0005,1.000450
1758644914.9957209,1.0004,1.0005,1.000450
1758644915.343985,1.0004,1.0005,1.000450
1758644916.457754,1.0004,1.0005,1.000450
1758644918.5591204,1.0004,1.0005,1.000450
1758644920.0900087,1.0004,1.0005,1.000450
1758644920.695029,1.0004,1.0005,1.000450
1758644928.2626362,1.0004,1.0005,1.000450
1758644934.858745,1.0004,1.0005,1.000450
1758644935.1476667,1.0004,1.0005,1.000450
1758644938.3339481,1.0004,1.0005,1.000450
1758644941.6047492,1.0004,1.0005,1.000450
1758644945.200158,1.0004,1.0005,1.000450
1758644945.4856715,1.0004,1.0005,1.000450
1758644946.519569,1.0004,1.0005,1.000450
1758644947.0150106,1.0004,1.0005,1.000450
1758644950.865423,1.0004,1.0005,1.000450
1758644951.298196,1.0005,1.0007,1.000600
1758644952.1326067,1.0004,1.0005,1.000450
1758644956.0324204,1.0005,1.0007,1.000600
1758644960.2470882,1.0004,1.0005,1.000450
1758644964.5603154,1.0004,1.0005,1.000450
1758644965.9917908,1.0004,1.0005,1.000450
1758644970.8770678,1.0004,1.0005,1.000450
1758644971.70219,1.0004,1.0007,1.000550
1758644987.4435308,1.0004,1.0007,1.000550
1758644991.8617678,1.0004,1.0007,1.000550
1758644992.5622828,1.0004,1.0007,1.000550
1758645019.433209,1.0004,1.0007,1.000550
1758645034.381459,1.0004,1.0005,1.000450
1758645042.116695,1.0004,1.0005,1.000450
1758645048.6026218,1.0004,1.0005,1.000450
1758645059.5244255,1.0004,1.0005,1.000450
1758645067.200129,1.0004,1.0005,1.000450
1758645082.8211925,1.0004,1.0005,1.000450
1758645083.743301,1.0004,1.0005,1.000450
1758645091.2951667,1.0004,1.0005,1.000450
1758645099.3561404,1.0004,1.0005,1.000450
1758645100.340535,1.0004,1.0005,1.000450
1758645106.5451925,1.0004,1.0005,1.000450
1758645113.3540823,1.0004,1.0005,1.000450
1758645115.2347257,1.0004,1.0005,1.000450
1758645119.1135437,1.0004,1.0005,1.000450
1758645119.3662636,1.0004,1.0005,1.000450
1758645120.8354185,1.0004,1.0005,1.000450
1758645121.5402415,1.0004,1.0005,1.000450
1758645125.5068367,1.0004,1.0005,1.000450
1758645128.6364748,1.0004,1.0005,1.000450
1758645134.4361694,1.0004,1.0005,1.000450
1758645135.508831,1.0004,1.0005,1.000450
1758645138.8695452,1.0004,1.0005,1.000450
1758645144.5861554,1.0004,1.0005,1.000450
1758645147.5644565,1.0004,1.0005,1.000450
1758645148.1843636,1.0004,1.0005,1.000450
1758645151.6234372,1.0004,1.0005,1.000450
1758645152.5565193,1.0004,1.0005,1.000450
1758645158.3023014,1.0004,1.0005,1.000450
1758645158.8730078,1.0004,1.0005,1.000450
1758645159.9397027,1.0004,1.0005,1.000450
1758645163.5194256,1.0004,1.0005,1.000450
1758645164.0538096,1.0004,1.0005,1.000450
1758645166.643846,1.0004,1.0005,1.000450
1758645169.481347,1.0004,1.0005,1.000450
1758645173.7289817,1.0004,1.0005,1.000450
1758645175.292819,1.0004,1.0005,1.000450
1758645178.9075599,1.0004,1.0005,1.000450
1758645183.0118446,1.0004,1.0005,1.000450
1758645185.153314,1.0004,1.0005,1.000450
1758645189.5617661,1.0004,1.0005,1.000450
1758645192.5612686,1.0004,1.0005,1.000450
1758645198.419844,1.0004,1.0005,1.000450
1758645198.9684358,1.0004,1.0005,1.000450
1758645203.1969318,1.0004,1.0005,1.000450
1758645204.8189704,1.0004,1.0005,1.000450
1758645207.2473285,1.0004,1.0005,1.000450
1758645210.2407873,1.0004,1.0005,1.000450
1758645212.1293805,1.0004,1.0005,1.000450
1758645214.3442118,1.0004,1.0005,1.000450
1758645218.6455576,1.0004,1.0005,1.000450
1758645219.4744878,1.0004,1.0005,1.000450
1758645225.0115383,1.0004,1.0005,1.000450
1758645229.2826598,1.0004,1.0005,1.000450
1758645237.3541362,1.0004,1.0005,1.000450
1758645239.5176036,1.0004,1.0005,1.000450
1758645245.2322657,1.0004,1.0005,1.000450
1758645250.0964699,1.0004,1.0005,1.000450
1758645255.34715,1.0004,1.0005,1.000450
1758645268.6054509,1.0004,1.0005,1.000450
1758645287.8631296,1.0004,1.0005,1.000450
1758645288.6816895,1.0004,1.0005,1.000450
1758645297.2066524,1.0004,1.0005,1.000450
1758645305.935951,1.0003,1.0004,1.000350
1758645315.1801803,1.0004,1.0005,1.000450
1758645323.830932,1.0004,1.0005,1.000450
1758645325.8165703,1.0004,1.0005,1.000450
1758645327.514604,1.0004,1.0005,1.000450
1758645329.1465423,1.0004,1.0005,1.000450
1758645329.8329835,1.0005,1.0007,1.000600
1758645333.3251996,1.0005,1.0007,1.000600
1758645341.6742184,1.0005,1.0007,1.000600
1758645349.5336936,1.0005,1.0007,1.000600
1758645356.4189022,1.0005,1.0007,1.000600
1758645359.9043944,1.0005,1.0007,1.000600
1758645367.9354453,1.0005,1.0007,1.000600
1758645372.4312806,1.0005,1.0007,1.000600
1758645375.212953,1.0005,1.0007,1.000600
1758645378.6994126,1.0005,1.0007,1.000600
1758645381.6996276,1.0005,1.0007,1.000600
1758645383.9891343,1.0005,1.0007,1.000600
1758645384.936318,1.0005,1.0007,1.000600
1758645386.5369792,1.0005,1.0007,1.000600
1758645389.6778147,1.0005,1.0007,1.000600
1758645393.6052415,1.0005,1.0007,1.000600
1758645396.9349494,1.0005,1.0007,1.000600
1758645398.4509075,1.0005,1.0007,1.000600
1758645399.7121532,1.0005,1.0007,1.000600
1758645419.1647167,1.0005,1.0007,1.000600
1758645422.3120167,1.0005,1.0007,1.000600
1758645428.238028,1.0005,1.0007,1.000600
1758645448.4892564,1.0005,1.0007,1.000600
1758645454.4487069,1.0005,1.0007,1.000600
1758645461.3193996,1.0005,1.0007,1.000600
1758645470.6558416,1.0005,1.0007,1.000600
1758645478.5765114,1.0005,1.0007,1.000600
1758645480.946884,1.0005,1.0007,1.000600
1758645486.0826275,1.0004,1.0005,1.000450
1758645492.4121633,1.0004,1.0005,1.000450
1758645497.7283056,1.0004,1.0005,1.000450
1758645500.642934,1.0004,1.0005,1.000450
1758645502.647638,1.0004,1.0005,1.000450
1758645506.3085463,1.0004,1.0005,1.000450
1758645509.9236026,1.0004,1.0005,1.000450
1758645515.5987005,1.0004,1.0005,1.000450
1758645518.0728834,1.0004,1.0005,1.000450
1758645519.344543,1.0004,1.0005,1.000450
1758645520.9833372,1.0004,1.0005,1.000450
1758645522.9282546,1.0004,1.0005,1.000450
1758645527.0806506,1.0004,1.0005,1.000450
1758645531.1608877,1.0004,1.0005,1.000450
1758645532.993661,1.0004,1.0005,1.000450
1758645534.6708682,1.0004,1.0005,1.000450
1758645537.3661978,1.0004,1.0005,1.000450
1758645540.632242,1.0004,1.0005,1.000450
1758645542.5478706,1.0004,1.0005,1.000450
1758645544.3018591,1.0004,1.0005,1.000450
1758645547.285447,1.0004,1.0005,1.000450
1758645548.068529,1.0004,1.0005,1.000450
1758645551.4161606,1.0004,1.0005,1.000450
1758645554.5151622,1.0004,1.0005,1.000450
1758645557.4341285,1.0004,1.0005,1.000450
1758645559.6180928,1.0004,1.0005,1.000450
1758645560.2775772,1.0004,1.0005,1.000450
1758645563.775837,1.0004,1.0005,1.000450
1758645564.8224368,1.0004,1.0005,1.000450
1758645565.1292107,1.0004,1.0005,1.000450
1758645570.324553,1.0004,1.0005,1.000450
1758645571.0005014,1.0004,1.0005,1.000450
1758645572.918324,1.0004,1.0005,1.000450
1758645578.3316765,1.0004,1.0005,1.000450
1758645583.827845,1.0004,1.0005,1.000450
1758645585.1234965,1.0004,1.0005,1.000450
1758645589.6378047,1.0004,1.0005,1.000450
1758645590.7630146,1.0004,1.0005,1.000450
1758645594.0425313,1.0004,1.0005,1.000450
1758645595.200588,1.0004,1.0005,1.000450
1758645600.2495177,1.0004,1.0005,1.000450
1758645601.7171755,1.0004,1.0005,1.000450
1758645606.4720268,1.0004,1.0005,1.000450
1758645606.738124,1.0004,1.0005,1.000450
1758645610.7486959,1.0004,1.0005,1.000450
1758645612.177443,1.0004,1.0005,1.000450
1758645615.2405865,1.0004,1.0005,1.000450
1758645616.0455275,1.0004,1.0005,1.000450
1758645616.8737445,1.0004,1.0005,1.000450
1758645617.689431,1.0004,1.0005,1.000450
1758645622.110722,1.0004,1.0005,1.000450
1758645623.692111,1.0004,1.0005,1.000450
1758645627.2066255,1.0004,1.0005,1.000450
1758645627.8527615,1.0004,1.0005,1.000450
1758645628.440084,1.0004,1.0005,1.000450
1758645633.110544,1.0004,1.0005,1.000450
1758645633.7675555,1.0004,1.0005,1.000450
1758645639.2201858,1.0004,1.0005,1.000450
1758645640.3442805,1.0004,1.0005,1.000450
1758645644.4705138,1.0004,1.0005,1.000450
1758645646.5855162,1.0004,1.0005,1.000450
1758645647.6144702,1.0004,1.0005,1.000450
1758645653.1964216,1.0004,1.0005,1.000450
1758645654.192533,1.0004,1.0005,1.000450
1758645659.0771255,1.0004,1.0005,1.000450
1758645659.714271,1.0004,1.0005,1.000450
1758645662.7292325,1.0004,1.0005,1.000450
1758645663.9588468,1.0004,1.0005,1.000450
1758645664.2563007,1.0004,1.0005,1.000450
1758645666.7217157,1.0004,1.0005,1.000450
1758645668.4992285,1.0003,1.0004,1.000350
1758645669.8045297,1.0004,1.0005,1.000450
1758645670.917632,1.0004,1.0005,1.000450
1758645675.4685292,1.0004,1.0005,1.000450
1758645680.1006687,1.0004,1.0005,1.000450
1758645680.3962667,1.0004,1.0005,1.000450
1758645681.2792535,1.0004,1.0005,1.000450
1758645682.0173414,1.0004,1.0005,1.000450
1758645682.7484484,1.0004,1.0005,1.000450
1758645686.4217563,1.0004,1.0005,1.000450
1758645687.171115,1.0004,1.0005,1.000450
1758645691.4197893,1.0004,1.0005,1.000450
1758645691.9770007,1.0004,1.0005,1.000450
1758645694.8764458,1.0004,1.0005,1.000450
1758645696.9748337,1.0004,1.0005,1.000450
1758645698.1713006,1.0004,1.0005,1.000450
1758645699.5948126,1.0004,1.0005,1.000450
1758645701.3840635,1.0004,1.0005,1.000450
1758645704.8491092,1.0004,1.0005,1.000450
1758645705.7337615,1.0004,1.0005,1.000450
1758645707.4892054,1.0004,1.0005,1.000450
1758645708.8544018,1.0004,1.0005,1.000450
1758645712.6207626,1.0004,1.0005,1.000450
1758645714.539822,1.0004,1.0005,1.000450
1758645715.7803476,1.0004,1.0005,1.000450
1758645718.9093378,1.0004,1.0005,1.000450
1758645721.7739723,1.0004,1.0005,1.000450
1758645722.6017392,1.0004,1.0005,1.000450
1758645723.916292,1.0004,1.0005,1.000450
1758645725.7626107,1.0004,1.0005,1.000450
1758645730.9897335,1.0004,1.0005,1.000450
1758645731.4544435,1.0004,1.0005,1.000450
1758645731.7795308,1.0004,1.0005,1.000450
1758645735.5343144,1.0004,1.0005,1.000450
1758645738.3345013,1.0004,1.0005,1.000450
1758645740.452838,1.0004,1.0005,1.000450
1758645745.2725258,1.0004,1.0005,1.000450
1758645747.1523857,1.0004,1.0005,1.000450
1758645749.5961006,1.0004,1.0005,1.000450
1758645749.9717097,1.0004,1.0005,1.000450
1758645753.567546,1.0004,1.0005,1.000450
1758645757.10855,1.0004,1.0005,1.000450
1758645758.9938183,1.0004,1.0005,1.000450
1758645761.7767384,1.0004,1.0005,1.000450
1758645767.3592334,1.0004,1.0005,1.000450
1758645769.1890616,1.0004,1.0005,1.000450
1758645770.5958693,1.0004,1.0005,1.000450
1758645773.3878253,1.0004,1.0005,1.000450
1758645776.6511831,1.0004,1.0005,1.000450
1758645777.9144204,1.0004,1.0005,1.000450
1758645780.2171133,1.0004,1.0005,1.000450
1758645780.6302972,1.0004,1.0005,1.000450
1758645785.2265399,1.0004,1.0005,1.000450
1758645786.5421107,1.0004,1.0005,1.000450
1758645788.3466547,1.0004,1.0005,1.000450
1758645791.3685963,1.0004,1.0005,1.000450
1758645794.8570988,1.0004,1.0005,1.000450
1758645800.11009,1.0004,1.0005,1.000450
1758645803.258116,1.0004,1.0005,1.000450
1758645808.1242537,1.0004,1.0005,1.000450
1758645812.2845464,1.0004,1.0005,1.000450
1758645818.079838,1.0004,1.0005,1.000450
1758645824.9306352,1.0004,1.0005,1.000450
1758645828.8331826,1.0004,1.0005,1.000450
1758645830.9548604,1.0004,1.0005,1.000450
1758645832.4484165,1.0004,1.0005,1.000450
1758645836.3281238,1.0004,1.0005,1.000450
1758645839.3890045,1.0004,1.0005,1.000450
1758645844.0009174,1.0004,1.0005,1.000450
1758645848.3385544,1.0004,1.0005,1.000450
1758645849.7603805,1.0004,1.0005,1.000450
1758645852.1607516,1.0004,1.0005,1.000450
1758645856.7128053,1.0004,1.0005,1.000450
1758645860.46192,1.0004,1.0005,1.000450
1758645865.5273006,1.0004,1.0005,1.000450
1758645869.492533,1.0004,1.0005,1.000450
1758645871.5853071,1.0004,1.0005,1.000450
1758645876.5826535,1.0004,1.0005,1.000450
1758645879.1293848,1.0004,1.0005,1.000450
1758645882.2313597,1.0004,1.0005,1.000450
1758645882.8009048,1.0004,1.0005,1.000450
1758645888.8408039,1.0004,1.0005,1.000450
1758645890.3897038,1.0004,1.0005,1.000450
1758645895.4322023,1.0004,1.0005,1.000450
1758645902.2183347,1.0004,1.0005,1.000450
1758645913.9423575,1.0004,1.0005,1.000450
1758645927.4749262,1.0004,1.0005,1.000450
1758645938.9338467,1.0004,1.0005,1.000450
1758645947.8832366,1.0004,1.0005,1.000450
1758645957.5673358,1.0004,1.0005,1.000450
1758645964.0822127,1.0004,1.0005,1.000450
1758645966.2485678,1.0004,1.0005,1.000450
1758645967.5849583,1.0004,1.0005,1.000450
1758645971.0726278,1.0004,1.0005,1.000450
1758645978.7451444,1.0004,1.0005,1.000450
1758645987.5805972,1.0004,1.0005,1.000450
1758645989.5912688,1.0004,1.0005,1.000450
1758645991.0909088,1.0004,1.0005,1.000450
1758645995.7097516,1.0004,1.0005,1.000450
1758645999.666804,1.0004,1.0005,1.000450
1758646008.5647829,1.0004,1.0005,1.000450
1758646012.1183746,1.0004,1.0005,1.000450
1758646024.3262644,1.0004,1.0005,1.000450
1758646031.6913414,1.0004,1.0005,1.000450
1758646037.5264287,1.0004,1.0005,1.000450
1758646040.571507,1.0004,1.0005,1.000450
1758646047.2561667,1.0004,1.0005,1.000450
1758646047.7681992,1.0004,1.0005,1.000450
1758646054.256883,1.0004,1.0005,1.000450
1758646056.1761377,1.0004,1.0005,1.000450
1758646060.0785532,1.0004,1.0005,1.000450
1758646063.0936687,1.0004,1.0005,1.000450
1758646070.0699382,1.0004,1.0005,1.000450
1758646075.4078722,1.0004,1.0005,1.000450
1758646080.3784888,1.0004,1.0005,1.000450
1758646081.901137,1.0005,1.0007,1.000600
1758646085.3295,1.0005,1.0007,1.000600
1758646090.613217,1.0005,1.0007,1.000600
1758646091.545469,1.0004,1.0007,1.000550
1758646114.5762665,1.0004,1.0007,1.000550
1758646118.0856223,1.0004,1.0007,1.000550
1758646138.3303602,1.0004,1.0007,1.000550
1758646141.5914192,1.0004,1.0007,1.000550
1758646177.929794,1.0004,1.0007,1.000550
1758646181.1514924,1.0004,1.0007,1.000550
1758646200.4715955,1.0004,1.0007,1.000550
1758646204.0791383,1.0004,1.0007,1.000550
1758646221.1518362,1.0004,1.0007,1.000550
1758646224.5744438,1.0004,1.0007,1.000550
1758646260.7031474,1.0004,1.0007,1.000550
1758646266.5713909,1.0004,1.0007,1.000550
1758646282.934761,1.0004,1.0007,1.000550
1758646286.073528,1.0004,1.0007,1.000550
1758646318.3470738,1.0004,1.0007,1.000550
1758646324.501808,1.0004,1.0007,1.000550
1758646338.1394782,1.0004,1.0007,1.000550
1758646339.83227,1.0004,1.0007,1.000550
1758646341.5885875,1.0004,1.0007,1.000550
1758646357.743676,1.0003,1.0004,1.000350
1758646371.7364032,1.0003,1.0007,1.000500
1758646378.6794314,1.0003,1.0007,1.000500
1758646379.5491512,1.0002,1.0003,1.000250
1758646395.974488,1.0002,1.0007,1.000450
1758646405.288234,1.0002,1.0007,1.000450
1758646412.0755908,1.0002,1.0007,1.000450
1758646415.7551653,1.0002,1.0007,1.000450
1758646419.217761,1.0002,1.0007,1.000450
1758646435.1738918,1.0004,1.0007,1.000550
1758646437.129508,1.0004,1.0007,1.000550
1758646439.5686748,1.0004,1.0007,1.000550
1758646443.7605247,1.0004,1.0007,1.000550
1758646447.093122,1.0004,1.0007,1.000550
1758646450.575338,1.0004,1.0007,1.000550
1758646464.1095006,1.0004,1.0007,1.000550
1758646467.5693958,1.0004,1.0007,1.000550
1758646474.0643795,1.0004,1.0007,1.000550
1758646477.5700657,1.0004,1.0007,1.000550
1758646504.6739857,1.0004,1.0007,1.000550
1758646511.0933104,1.0004,1.0007,1.000550
1758646522.3828878,1.0004,1.0007,1.000550
1758646524.5683973,1.0004,1.0007,1.000550
1758646528.082135,1.0004,1.0007,1.000550
1758646534.2269492,1.0004,1.0007,1.000550
1758646535.0656173,1.0004,1.0007,1.000550
1758646542.116482,1.0004,1.0007,1.000550
1758646557.3561912,1.0004,1.0007,1.000550
1758646560.6364126,1.0004,1.0007,1.000550
1758646564.080762,1.0004,1.0007,1.000550
1758646567.09582,1.0004,1.0007,1.000550
1758646570.2820923,1.0001,1.0006,1.000350
1758646570.5890307,1.0001,1.0006,1.000350
1758646570.841393,1.0001,1.0006,1.000350
1758646594.5514514,1.0001,1.0006,1.000350
1758646597.9312232,1.0001,1.0006,1.000350
1758646605.2233992,1.0001,1.0006,1.000350
1758646611.5713558,1.0001,1.0006,1.000350
1758646613.347694,1.0002,1.0006,1.000400
1758646615.067285,1.0002,1.0006,1.000400
1758646620.623793,1.0002,1.0006,1.000400
1758646624.9417567,1.0002,1.0004,1.000300
1758646627.1004083,1.0002,1.0004,1.000300
1758646630.113281,1.0002,1.0004,1.000300
1758646637.0707016,1.0002,1.0004,1.000300
1758646640.5829432,1.0002,1.0004,1.000300
1758646652.5517342,1.0002,1.0004,1.000300
1758646658.1073492,1.0002,1.0004,1.000300
1758646661.5725129,1.0002,1.0004,1.000300
1758646672.6629736,1.0002,1.0004,1.000300
1758646676.4109354,1.0002,1.0004,1.000300
1758646682.0669036,1.0002,1.0004,1.000300
1758646685.6356902,1.0002,1.0004,1.000300
1758646686.4631414,1.0002,1.0004,1.000300
1758646702.3374782,1.0002,1.0004,1.000300
1758646712.0951345,1.0002,1.0004,1.000300
1758646715.5708396,1.0002,1.0004,1.000300
1758646727.3111558,1.0002,1.0004,1.000300
1758646733.068647,1.0002,1.0004,1.000300
1758646736.5754795,1.0003,1.0004,1.000350
1758646740.1255078,1.0003,1.0004,1.000350
1758646743.6085227,1.0003,1.0004,1.000350
1758646744.9059732,1.0003,1.0004,1.000350
1758646747.0803587,1.0003,1.0004,1.000350
1758646749.0300782,1.0003,1.0004,1.000350
1758646750.5892105,1.0003,1.0004,1.000350
1758646751.7879858,1.0004,1.0006,1.000500
1758646754.7715614,1.0004,1.0006,1.000500
1758646757.0661995,1.0004,1.0006,1.000500
1758646758.4371715,1.0003,1.0004,1.000350
1758646760.574302,1.0003,1.0004,1.000350
1758646762.8227124,1.0003,1.0004,1.000350
1758646766.6148105,1.0003,1.0004,1.000350
1758646771.753633,1.0003,1.0004,1.000350
1758646776.420464,1.0003,1.0004,1.000350
1758646778.066821,1.0003,1.0004,1.000350
1758646779.699556,1.0003,1.0004,1.000350
1758646781.07085,1.0003,1.0004,1.000350
1758646783.4481733,1.0003,1.0004,1.000350
1758646783.9594684,1.0003,1.0004,1.000350
1758646789.8884265,1.0003,1.0004,1.000350
1758646790.2023618,1.0003,1.0004,1.000350
1758646793.8777518,1.0003,1.0004,1.000350
1758646795.7298255,1.0003,1.0004,1.000350
1758646800.1449497,1.0003,1.0004,1.000350
1758646805.1641893,1.0003,1.0004,1.000350
1758646807.062992,1.0003,1.0004,1.000350
1758646808.095992,1.0003,1.0004,1.000350
1758646809.4514685,1.0003,1.0004,1.000350
1758646811.5828557,1.0003,1.0004,1.000350
1758646814.1456008,1.0003,1.0004,1.000350
1758646817.8932447,1.0003,1.0004,1.000350
1758646818.5971596,1.0003,1.0004,1.000350
1758646821.6709006,1.0003,1.0004,1.000350
1758646821.9349866,1.0003,1.0004,1.000350
1758646825.0660899,1.0003,1.0004,1.000350
1758646826.538576,1.0003,1.0004,1.000350
1758646828.5748951,1.0003,1.0004,1.000350
1758646831.273873,1.0003,1.0004,1.000350
1758646832.0806084,1.0003,1.0004,1.000350
1758646834.5572286,1.0003,1.0004,1.000350
1758646835.5814364,1.0003,1.0004,1.000350
1758646838.612153,1.0003,1.0004,1.000350
1758646841.4895492,1.0003,1.0004,1.000350
1758646846.0844238,1.0003,1.0004,1.000350
1758646849.0939512,1.0003,1.0004,1.000350
1758646849.6421282,1.0003,1.0004,1.000350
1758646852.4350762,1.0003,1.0004,1.000350
1758646853.0968604,1.0003,1.0004,1.000350
1758646855.2961364,1.0003,1.0004,1.000350
1758646856.5864582,1.0003,1.0004,1.000350
1758646856.8704476,1.0003,1.0004,1.000350
1758646860.274564,1.0003,1.0004,1.000350
1758646863.6920235,1.0003,1.0004,1.000350
1758646864.5958436,1.0003,1.0004,1.000350
1758646867.557545,1.0003,1.0004,1.000350
1758646872.436141,1.0003,1.0004,1.000350
1758646874.0272563,1.0003,1.0004,1.000350
1758646881.317158,1.0003,1.0004,1.000350
1758646887.2810886,1.0003,1.0004,1.000350
1758646887.8659823,1.0003,1.0004,1.000350
1758646891.0669377,1.0003,1.0004,1.000350
1758646894.5735068,1.0003,1.0004,1.000350
1758646896.1384032,1.0003,1.0004,1.000350
1758646897.7579772,1.0003,1.0004,1.000350
1758646898.0711832,1.0003,1.0004,1.000350
1758646901.6048384,1.0003,1.0004,1.000350
1758646902.5285282,1.0003,1.0004,1.000350
1758646905.0972772,1.0003,1.0004,1.000350
1758646908.031323,1.0003,1.0004,1.000350
1758646908.5716164,1.0003,1.0004,1.000350
1758646908.890021,1.0003,1.0004,1.000350
1758646912.0690777,1.0003,1.0004,1.000350
1758646913.6666791,1.0003,1.0004,1.000350
1758646914.309359,1.0003,1.0004,1.000350
1758646915.5723073,1.0003,1.0004,1.000350
1758646915.8847136,1.0003,1.0004,1.000350
1758646917.8820772,1.0003,1.0004,1.000350
1758646920.994976,1.0003,1.0004,1.000350
1758646922.4781477,1.0003,1.0004,1.000350
1758646926.516504,1.0003,1.0004,1.000350
1758646927.6029463,1.0003,1.0004,1.000350
1758646927.9698403,1.0003,1.0004,1.000350
1758646931.1023157,1.0003,1.0004,1.000350
1758646933.199477,1.0003,1.0004,1.000350
1758646936.3200188,1.0003,1.0004,1.000350
1758646937.7446203,1.0003,1.0004,1.000350
1758646939.2171924,1.0003,1.0004,1.000350
1758646941.336775,1.0003,1.0004,1.000350
1758646942.457885,1.0003,1.0004,1.000350
1758646943.5677345,1.0003,1.0004,1.000350
1758646944.6809473,1.0003,1.0004,1.000350
1758646948.0745552,1.0003,1.0004,1.000350
1758646948.7452974,1.0003,1.0004,1.000350
1758646950.0703785,1.0003,1.0004,1.000350
1758646950.348623,1.0003,1.0004,1.000350
1758646952.722531,1.0003,1.0004,1.000350
1758646955.5621057,1.0003,1.0004,1.000350
1758646957.3216765,1.0003,1.0004,1.000350
1758646960.2035692,1.0003,1.0004,1.000350
1758646964.7101808,1.0003,1.0004,1.000350
1758646966.5596578,1.0003,1.0004,1.000350
1758646970.492572,1.0003,1.0004,1.000350
1758646972.813986,1.0003,1.0004,1.000350
1758646973.6944032,1.0003,1.0004,1.000350
1758646975.6415467,1.0003,1.0004,1.000350
1758646979.638499,1.0003,1.0004,1.000350
1758646984.615749,1.0003,1.0004,1.000350
1758646986.5710745,1.0003,1.0004,1.000350
1758646987.4743795,1.0003,1.0004,1.000350
1758646990.5452242,1.0003,1.0004,1.000350
1758646992.1183145,1.0003,1.0004,1.000350
1758646993.0782173,1.0003,1.0004,1.000350
1758646994.3857677,1.0003,1.0004,1.000350
1758646996.5091052,1.0003,1.0004,1.000350
1758647000.7699418,1.0003,1.0004,1.000350
1758647004.777545,1.0003,1.0004,1.000350
1758647009.2540257,1.0003,1.0004,1.000350
1758647009.8954694,1.0003,1.0004,1.000350
1758647013.6992946,1.0003,1.0004,1.000350
1758647015.0692813,1.0003,1.0004,1.000350
1758647019.041201,1.0003,1.0004,1.000350
1758647048.0941,1.0003,1.0004,1.000350
1758647051.3361716,1.0003,1.0004,1.000350
1758647055.3404996,1.0003,1.0004,1.000350
1758647057.229935,1.0003,1.0004,1.000350
1758647080.8992436,1.0003,1.0004,1.000350
1758647085.026689,1.0003,1.0004,1.000350
1758647086.9124866,1.0003,1.0004,1.000350
1758647103.5474505,1.0003,1.0004,1.000350
1758647111.3027012,1.0003,1.0004,1.000350
1758647117.1135693,1.0003,1.0004,1.000350
1758647129.2609773,1.0003,1.0004,1.000350
1758647130.3477921,1.0003,1.0004,1.000350
1758647135.8575995,1.0003,1.0004,1.000350
1758647137.4785907,1.0003,1.0004,1.000350
1758647142.7664573,1.0003,1.0004,1.000350
1758647144.685834,1.0003,1.0004,1.000350
1758647148.963716,1.0003,1.0004,1.000350
1758647152.782584,1.0003,1.0004,1.000350
1758647154.953832,1.0003,1.0004,1.000350
1758647157.0716023,1.0003,1.0004,1.000350
1758647161.4536045,1.0003,1.0004,1.000350
1758647163.243288,1.0003,1.0004,1.000350
1758647163.5670717,1.0003,1.0004,1.000350
1758647167.080627,1.0003,1.0004,1.000350
1758647172.4469023,1.0003,1.0004,1.000350
1758647176.3449461,1.0003,1.0004,1.000350
1758647180.5641048,1.0003,1.0004,1.000350
1758647181.4864202,1.0003,1.0004,1.000350
1758647184.0993116,1.0003,1.0004,1.000350
1758647194.0801194,1.0003,1.0004,1.000350
1758647246.7567213,1.0003,1.0004,1.000350
1758647255.4848096,1.0003,1.0004,1.000350
1758647264.3247976,1.0003,1.0004,1.000350
1758647268.326154,1.0003,1.0004,1.000350
1758647271.9171062,1.0003,1.0004,1.000350
1758647277.0262926,1.0003,1.0004,1.000350
1758647280.862434,1.0003,1.0004,1.000350
1758647285.187333,1.0003,1.0004,1.000350
1758647287.1289933,1.0003,1.0004,1.000350
1758647290.594531,1.0003,1.0004,1.000350
1758647290.8548317,1.0003,1.0004,1.000350
1758647295.814893,1.0003,1.0004,1.000350
1758647297.3313556,1.0003,1.0004,1.000350
1758647301.200278,1.0003,1.0004,1.000350
1758647301.7069366,1.0003,1.0004,1.000350
1758647305.8378332,1.0003,1.0004,1.000350
1758647308.405452,1.0003,1.0004,1.000350
1758647309.3748477,1.0003,1.0004,1.000350
1758647327.7856605,1.0003,1.0004,1.000350
1758647336.9868903,1.0003,1.0004,1.000350
1758647338.4335654,1.0003,1.0004,1.000350
1758647340.076714,1.0003,1.0004,1.000350
1758647345.3540792,1.0003,1.0004,1.000350
1758647348.5744936,1.0003,1.0004,1.000350
1758647356.6817272,1.0003,1.0004,1.000350
1758647360.0263345,1.0003,1.0004,1.000350
1758647367.5593896,1.0003,1.0004,1.000350
1758647373.7680907,1.0003,1.0004,1.000350
1758647382.6565468,1.0003,1.0004,1.000350
1758647383.1293008,1.0003,1.0004,1.000350
1758647383.6333427,1.0003,1.0004,1.000350
1758647384.7517507,1.0003,1.0004,1.000350
1758647386.0702133,1.0003,1.0004,1.000350
1758647388.8017476,1.0003,1.0004,1.000350
1758647390.6177418,1.0003,1.0004,1.000350
1758647392.1226394,1.0003,1.0004,1.000350
1758647393.3356595,1.0003,1.0004,1.000350
1758647394.0705307,1.0003,1.0004,1.000350
1758647395.468699,1.0003,1.0004,1.000350
1758647398.8708143,1.0003,1.0004,1.000350
1758647399.315765,1.0003,1.0004,1.000350
1758647402.0065048,1.0003,1.0004,1.000350
1758647402.4635983,1.0003,1.0004,1.000350
1758647404.0685601,1.0003,1.0004,1.000350
1758647406.1388886,1.0003,1.0004,1.000350
1758647407.5717883,1.0003,1.0004,1.000350
1758647409.2498455,1.0003,1.0004,1.000350
1758647412.112816,1.0003,1.0004,1.000350
1758647418.9974685,1.0003,1.0004,1.000350
1758647422.4525802,1.0003,1.0004,1.000350
1758647422.878644,1.0003,1.0004,1.000350
1758647424.0703177,1.0003,1.0004,1.000350
1758647426.3548357,1.0003,1.0004,1.000350
1758647427.5723627,1.0003,1.0004,1.000350
1758647428.0941322,1.0003,1.0004,1.000350
1758647429.4469118,1.0003,1.0004,1.000350
1758647431.5715203,1.0003,1.0004,1.000350
1758647433.108827,1.0003,1.0004,1.000350
1758647439.776258,1.0003,1.0004,1.000350
1758647440.2123685,1.0003,1.0004,1.000350
1758647443.4453409,1.0003,1.0004,1.000350
1758647446.340789,1.0003,1.0004,1.000350
1758647449.004098,1.0003,1.0004,1.000350
1758647449.7396498,1.0003,1.0004,1.000350
1758647452.5705404,1.0003,1.0004,1.000350
1758647453.5001028,1.0003,1.0004,1.000350
1758647454.4646301,1.0003,1.0004,1.000350
1758647460.1432912,1.0003,1.0004,1.000350
1758647462.57384,1.0003,1.0004,1.000350
1758647463.1957924,1.0003,1.0004,1.000350
1758647466.602801,1.0003,1.0004,1.000350
1758647468.0836797,1.0003,1.0004,1.000350
1758647474.058875,1.0003,1.0004,1.000350
1758647475.1754277,1.0003,1.0004,1.000350
1758647477.6411443,1.0003,1.0004,1.000350
1758647478.2092755,1.0003,1.0004,1.000350
1758647481.1722696,1.0003,1.0004,1.000350
1758647482.6251264,1.0003,1.0004,1.000350
1758647484.2326236,1.0003,1.0004,1.000350
1758647487.0722897,1.0003,1.0004,1.000350
1758647487.386031,1.0003,1.0004,1.000350
1758647488.1476107,1.0003,1.0004,1.000350
1758647489.2135425,1.0003,1.0004,1.000350
1758647490.5754046,1.0003,1.0004,1.000350
1758647491.2602215,1.0003,1.0004,1.000350
1758647494.3778794,1.0003,1.0004,1.000350
1758647494.7685788,1.0003,1.0004,1.000350
1758647496.621739,1.0003,1.0004,1.000350
1758647498.3880281,1.0003,1.0004,1.000350
1758647498.7324336,1.0003,1.0004,1.000350
1758647499.6513157,1.0003,1.0004,1.000350
1758647501.9769235,1.0003,1.0004,1.000350
1758647504.3423157,1.0003,1.0004,1.000350
1758647505.0035963,1.0003,1.0004,1.000350
1758647505.571726,1.0003,1.0004,1.000350
1758647509.2846944,1.0003,1.0004,1.000350
1758647510.0153673,1.0003,1.0004,1.000350
1758647511.5150971,1.0003,1.0004,1.000350
1758647512.0855978,1.0003,1.0004,1.000350
1758647515.5687845,1.0003,1.0004,1.000350
1758647517.1112487,1.0003,1.0004,1.000350
1758647518.322515,1.0003,1.0004,1.000350
1758647520.4622898,1.0003,1.0004,1.000350
1758647522.6049676,1.0003,1.0004,1.000350
1758647523.5903032,1.0003,1.0004,1.000350
1758647524.3188062,1.0003,1.0004,1.000350
1758647526.4284894,1.0003,1.0004,1.000350
1758647527.5717144,1.0003,1.0004,1.000350
1758647529.6696832,1.0003,1.0004,1.000350
1758647530.4081047,1.0003,1.0004,1.000350
1758647533.2398107,1.0003,1.0004,1.000350
1758647536.648638,1.0003,1.0004,1.000350
1758647537.6133528,1.0003,1.0004,1.000350
1758647537.9170918,1.0003,1.0004,1.000350
1758647539.6891685,1.0003,1.0004,1.000350
1758647542.6381145,1.0003,1.0004,1.000350
1758647545.25303,1.0003,1.0004,1.000350
1758647547.3961473,1.0003,1.0004,1.000350
1758647548.9302766,1.0003,1.0004,1.000350
1758647551.9246414,1.0003,1.0004,1.000350
1758647554.7836294,1.0003,1.0004,1.000350
1758647557.67697,1.0003,1.0004,1.000350
1758647560.1748514,1.0003,1.0004,1.000350
1758647561.7819257,1.0003,1.0004,1.000350
1758647565.0905418,1.0003,1.0004,1.000350
1758647567.8827758,1.0003,1.0004,1.000350
1758647570.7312212,1.0003,1.0004,1.000350
1758647573.7901022,1.0003,1.0004,1.000350
1758647576.7183158,1.0003,1.0004,1.000350
1758647579.3161209,1.0003,1.0004,1.000350
1758647580.9729307,1.0003,1.0004,1.000350
1758647582.572719,1.0003,1.0004,1.000350
1758647584.308345,1.0003,1.0004,1.000350
1758647587.6156325,1.0003,1.0004,1.000350
1758647592.9448028,1.0003,1.0004,1.000350
1758647596.4234827,1.0003,1.0004,1.000350
1758647600.7981722,1.0003,1.0004,1.000350
1758647605.4112399,1.0003,1.0004,1.000350
1758647608.7849762,1.0003,1.0004,1.000350
1758647611.85148,1.0003,1.0004,1.000350
1758647615.9811757,1.0003,1.0004,1.000350
1758647619.0295484,1.0003,1.0004,1.000350
1758647638.3249238,1.0003,1.0004,1.000350
1758647641.6475768,1.0003,1.0004,1.000350
1758647644.3221028,1.0003,1.0004,1.000350
1758647647.5853229,1.0003,1.0004,1.000350
1758647652.5208056,1.0003,1.0004,1.000350
1758647655.634637,1.0003,1.0004,1.000350
1758647698.4337065,1.0003,1.0004,1.000350
1758647701.5685515,1.0003,1.0004,1.000350
1758647705.368446,1.0003,1.0004,1.000350
1758647711.570862,1.0003,1.0004,1.000350
1758647718.5651708,1.0003,1.0004,1.000350
1758647725.0706303,1.0003,1.0004,1.000350
1758647735.0815232,1.0003,1.0004,1.000350
1758647738.6041238,1.0003,1.0004,1.000350
1758647758.326942,1.0003,1.0004,1.000350
1758647766.5727015,1.0003,1.0004,1.000350
1758647767.282784,1.0003,1.0004,1.000350
1758647770.5927706,1.0003,1.0004,1.000350
1758647787.5663397,1.0003,1.0004,1.000350
1758647791.069993,1.0003,1.0004,1.000350
1758647811.0927713,1.0003,1.0004,1.000350
1758647814.5962675,1.0003,1.0004,1.000350
1758647817.124953,1.0003,1.0004,1.000350
1758647821.8115432,1.0003,1.0004,1.000350
1758647823.328558,1.0003,1.0004,1.000350
1758647826.780187,1.0003,1.0004,1.000350
1758647830.7390637,1.0003,1.0004,1.000350
1758647834.1097622,1.0003,1.0004,1.000350
1758647869.2504544,1.0003,1.0004,1.000350
1758647879.320579,1.0003,1.0004,1.000350
1758647882.5714028,1.0003,1.0004,1.000350
1758647885.3352818,1.0003,1.0004,1.000350
1758647888.5831358,1.0003,1.0004,1.000350
1758647892.3415732,1.0003,1.0004,1.000350
1758647898.5151172,1.0003,1.0004,1.000350
1758647901.5725226,1.0003,1.0004,1.000350
1758647903.3044553,1.0003,1.0004,1.000350
1758647905.112481,1.0003,1.0004,1.000350
1758647908.746915,1.0003,1.0004,1.000350
1758647910.8655684,1.0003,1.0004,1.000350
1758647911.400126,1.0003,1.0004,1.000350
1758647912.4169,1.0003,1.0004,1.000350
1758647915.3729517,1.0003,1.0004,1.000350
1758647918.617317,1.0003,1.0004,1.000350
1758647920.620016,1.0003,1.0004,1.000350
1758647921.4306796,1.0003,1.0004,1.000350
1758647922.141922,1.0003,1.0004,1.000350
1758647925.9658332,1.0003,1.0004,1.000350
1758647928.403145,1.0003,1.0004,1.000350
1758647929.7022014,1.0003,1.0004,1.000350
1758647931.6903155,1.0003,1.0004,1.000350
1758647932.961716,1.0003,1.0004,1.000350
1758647934.4721713,1.0003,1.0004,1.000350
1758647937.983759,1.0003,1.0004,1.000350
1758647938.3169622,1.0003,1.0004,1.000350
1758647941.4933314,1.0003,1.0004,1.000350
1758647942.6486974,1.0003,1.0004,1.000350
1758647943.4394534,1.0003,1.0004,1.000350
1758647944.2787356,1.0003,1.0004,1.000350
1758647945.96819,1.0003,1.0004,1.000350
1758647949.7642047,1.0003,1.0004,1.000350
1758647950.7292051,1.0003,1.0004,1.000350
1758647951.462776,1.0003,1.0004,1.000350
1758647953.0736668,1.0003,1.0004,1.000350
1758647954.4928613,1.0003,1.0004,1.000350
1758647957.5127606,1.0003,1.0004,1.000350
1758647960.6482365,1.0003,1.0004,1.000350
1758647961.1028306,1.0004,1.0006,1.000500
1758647979.0742648,1.0003,1.0004,1.000350
1758647984.948658,1.0003,1.0004,1.000350
1758647985.8056085,1.0003,1.0004,1.000350
1758647988.3363254,1.0003,1.0004,1.000350
1758647992.4987016,1.0003,1.0004,1.000350
1758647993.8181343,1.0003,1.0004,1.000350
1758647995.3613317,1.0003,1.0004,1.000350
1758647997.4376543,1.0003,1.0004,1.000350
1758647998.703202,1.0003,1.0004,1.000350
1758648000.669884,1.0003,1.0004,1.000350
1758648001.2128458,1.0003,1.0004,1.000350
1758648001.6348956,1.0003,1.0004,1.000350
1758648003.944602,1.0003,1.0004,1.000350
1758648005.0127718,1.0003,1.0004,1.000350
1758648007.60834,1.0003,1.0004,1.000350
1758648008.206616,1.0003,1.0004,1.000350
1758648010.2112591,1.0003,1.0004,1.000350
1758648011.1221726,1.0003,1.0004,1.000350
1758648011.4034393,1.0003,1.0004,1.000350
1758648014.0912974,1.0003,1.0004,1.000350
1758648017.3249786,1.0003,1.0004,1.000350
1758648019.9387312,1.0003,1.0004,1.000350
1758648020.2377713,1.0003,1.0004,1.000350
1758648023.8861053,1.0003,1.0004,1.000350
1758648025.2801945,1.0003,1.0004,1.000350
1758648025.8943427,1.0003,1.0004,1.000350
1758648026.7666485,1.0003,1.0004,1.000350
1758648028.9858844,1.0003,1.0004,1.000350
1758648029.6771717,1.0003,1.0004,1.000350
1758648030.3612423,1.0003,1.0004,1.000350
1758648034.0627244,1.0003,1.0004,1.000350
1758648036.3546429,1.0003,1.0004,1.000350
1758648038.2316427,1.0003,1.0004,1.000350
1758648041.5940065,1.0003,1.0004,1.000350
1758648044.4235146,1.0003,1.0004,1.000350
1758648048.362653,1.0003,1.0004,1.000350
1758648049.3776243,1.0003,1.0004,1.000350
1758648051.5665367,1.0003,1.0004,1.000350
1758648054.925287,1.0003,1.0004,1.000350
1758648056.1696682,1.0003,1.0004,1.000350
1758648058.2378192,1.0003,1.0004,1.000350
1758648059.30292,1.0003,1.0004,1.000350
1758648059.56899,1.0003,1.0004,1.000350
1758648062.565798,1.0003,1.0004,1.000350
1758648063.7381628,1.0003,1.0004,1.000350
1758648066.2688441,1.0003,1.0004,1.000350
1758648066.5910954,1.0003,1.0004,1.000350
1758648069.2774885,1.0003,1.0004,1.000350
1758648070.3171554,1.0003,1.0004,1.000350
1758648070.5702493,1.0003,1.0004,1.000350
1758648072.1247172,1.0003,1.0004,1.000350
1758648074.064292,1.0003,1.0004,1.000350
1758648074.416886,1.0003,1.0004,1.000350
1758648075.5043123,1.0003,1.0004,1.000350
1758648077.5711389,1.0003,1.0004,1.000350
1758648078.894674,1.0003,1.0004,1.000350
1758648081.8905895,1.0003,1.0004,1.000350
1758648084.962649,1.0003,1.0004,1.000350
1758648086.6350644,1.0003,1.0004,1.000350
1758648089.567828,1.0003,1.0004,1.000350
1758648092.1845722,1.0003,1.0004,1.000350
1758648095.3748345,1.0003,1.0004,1.000350
1758648098.4263525,1.0003,1.0004,1.000350
1758648101.8169816,1.0003,1.0004,1.000350
1758648104.7021296,1.0003,1.0004,1.000350
1758648113.8022974,1.0003,1.0004,1.000350
1758648117.0697548,1.0003,1.0004,1.000350
1758648128.2139387,1.0003,1.0004,1.000350
1758648130.1033068,1.0003,1.0004,1.000350
1758648136.1686099,1.0003,1.0004,1.000350
1758648141.536903,1.0003,1.0004,1.000350
1758648142.8357363,1.0003,1.0004,1.000350
1758648146.5701787,1.0003,1.0004,1.000350
1758648150.177359,1.0003,1.0004,1.000350
1758648153.571594,1.0003,1.0004,1.000350
1758648160.1465433,1.0003,1.0004,1.000350
1758648163.6182673,1.0003,1.0004,1.000350
1758648167.0662625,1.0003,1.0004,1.000350
1758648173.6839747,1.0003,1.0004,1.000350
1758648177.0786557,1.0003,1.0004,1.000350
1758648185.461739,1.0003,1.0004,1.000350
1758648188.5691917,1.0003,1.0004,1.000350
1758648192.0696883,1.0003,1.0004,1.000350
1758648195.600235,1.0003,1.0004,1.000350
1758648202.0679593,1.0003,1.0004,1.000350
1758648205.5725112,1.0003,1.0004,1.000350
1758648209.066889,1.0003,1.0004,1.000350
1758648215.6435647,1.0003,1.0004,1.000350
1758648219.1355176,1.0003,1.0004,1.000350
1758648222.7353804,1.0003,1.0004,1.000350
1758648224.3503182,1.0003,1.0004,1.000350
1758648226.072607,1.0003,1.0004,1.000350
1758648229.573167,1.0003,1.0004,1.000350
1758648230.2156556,1.0003,1.0004,1.000350
1758648233.0726912,1.0003,1.0004,1.000350
1758648236.5725071,1.0003,1.0004,1.000350
1758648238.3190153,1.0003,1.0004,1.000350
1758648258.7835436,1.0003,1.0004,1.000350
1758648264.4847913,1.0003,1.0004,1.000350
1758648267.5715384,1.0003,1.0004,1.000350
1758648271.1108928,1.0003,1.0004,1.000350
1758648275.5565836,1.0003,1.0004,1.000350
1758648277.5714703,1.0003,1.0004,1.000350
1758648281.064485,1.0003,1.0004,1.000350
1758648284.5710118,1.0003,1.0004,1.000350
1758648288.17971,1.0003,1.0004,1.000350
1758648294.5703146,1.0003,1.0004,1.000350
1758648298.2133987,1.0003,1.0004,1.000350
1758648301.649881,1.0003,1.0004,1.000350
1758648304.3358688,1.0003,1.0004,1.000350
1758648314.5736842,1.0003,1.0004,1.000350
1758648318.1080906,1.0003,1.0004,1.000350
1758648325.5774148,1.0003,1.0004,1.000350
1758648329.073445,1.0003,1.0004,1.000350
1758648332.5722013,1.0003,1.0004,1.000350
1758648336.0973747,1.0003,1.0004,1.000350
1758648339.574465,1.0003,1.0004,1.000350
1758648343.068014,1.0003,1.0004,1.000350
1758648346.7028158,1.0003,1.0004,1.000350
1758648350.084276,1.0003,1.0004,1.000350
1758648353.5721922,1.0003,1.0004,1.000350
1758648357.1281648,1.0003,1.0004,1.000350
1758648361.8712,1.0003,1.0004,1.000350
1758648369.300635,1.0003,1.0004,1.000350
1758648371.5736654,1.0003,1.0004,1.000350
1758648373.3676028,1.0003,1.0004,1.000350
1758648373.6286662,1.0003,1.0004,1.000350
1758648375.246093,1.0003,1.0004,1.000350
1758648377.4855223,1.0003,1.0004,1.000350
1758648378.5766165,1.0003,1.0004,1.000350
1758648382.0859852,1.0003,1.0004,1.000350
1758648382.9183314,1.0003,1.0004,1.000350
1758648386.8716288,1.0003,1.0004,1.000350
1758648388.5849307,1.0003,1.0004,1.000350
1758648393.5020885,1.0003,1.0004,1.000350
1758648395.0773573,1.0003,1.0004,1.000350
1758648398.572807,1.0003,1.0004,1.000350
1758648399.6856062,1.0003,1.0004,1.000350
1758648400.0643048,1.0003,1.0004,1.000350
1758648402.1916282,1.0003,1.0004,1.000350
1758648403.8178256,1.0003,1.0004,1.000350
1758648407.2786143,1.0003,1.0004,1.000350
1758648410.5852234,1.0003,1.0004,1.000350
1758648412.0962157,1.0003,1.0004,1.000350
1758648415.335576,1.0003,1.0004,1.000350
1758648417.1497748,1.0003,1.0004,1.000350
1758648417.8532712,1.0003,1.0004,1.000350
1758648420.5409288,1.0003,1.0004,1.000350
1758648424.0854204,1.0003,1.0004,1.000350
1758648425.238976,1.0003,1.0004,1.000350
1758648426.14073,1.0003,1.0004,1.000350
1758648434.5302825,1.0003,1.0004,1.000350
1758648435.6326709,1.0003,1.0004,1.000350
1758648438.4071665,1.0003,1.0004,1.000350
1758648439.1158535,1.0003,1.0004,1.000350
1758648440.3566785,1.0003,1.0004,1.000350
1758648441.777762,1.0003,1.0004,1.000350
1758648443.7088442,1.0003,1.0004,1.000350
1758648444.7153223,1.0003,1.0004,1.000350
1758648446.2986286,1.0003,1.0004,1.000350
1758648448.170454,1.0003,1.0004,1.000350
1758648449.0899713,1.0003,1.0004,1.000350
1758648451.571204,1.0003,1.0004,1.000350
1758648455.1916769,1.0003,1.0004,1.000350
1758648458.0655744,1.0003,1.0004,1.000350
1758648459.0267203,1.0003,1.0004,1.000350
1758648462.6702235,1.0003,1.0004,1.000350
1758648464.6112392,1.0003,1.0004,1.000350
1758648465.650918,1.0003,1.0004,1.000350
1758648466.0934865,1.0003,1.0004,1.000350
1758648471.0842328,1.0003,1.0004,1.000350
1758648472.4174047,1.0003,1.0004,1.000350
1758648473.2205238,1.0003,1.0004,1.000350
1758648475.627315,1.0003,1.0004,1.000350
1758648477.582226,1.0003,1.0004,1.000350
1758648478.3160138,1.0003,1.0004,1.000350
1758648479.3541212,1.0003,1.0004,1.000350
1758648482.241731,1.0003,1.0004,1.000350
1758648485.202761,1.0003,1.0004,1.000350
1758648488.3299706,1.0003,1.0004,1.000350
1758648490.5706584,1.0003,1.0004,1.000350
1758648491.8843224,1.0003,1.0004,1.000350
1758648492.1798875,1.0003,1.0004,1.000350
1758648494.0653906,1.0003,1.0004,1.000350
1758648494.7401667,1.0003,1.0004,1.000350
1758648497.5705793,1.0003,1.0004,1.000350
1758648500.6843922,1.0003,1.0004,1.000350
1758648501.0667546,1.0003,1.0004,1.000350
1758648503.7363746,1.0003,1.0004,1.000350
1758648506.7081108,1.0003,1.0004,1.000350
1758648507.5709043,1.0003,1.0004,1.000350
1758648508.786135,1.0003,1.0004,1.000350
1758648509.704158,1.0003,1.0004,1.000350
1758648511.0655801,1.0003,1.0004,1.000350
1758648512.9867816,1.0003,1.0004,1.000350
1758648514.8529763,1.0003,1.0004,1.000350
1758648515.443473,1.0003,1.0004,1.000350
1758648515.8760226,1.0003,1.0004,1.000350
1758648517.9432182,1.0003,1.0004,1.000350
1758648521.3696275,1.0003,1.0004,1.000350
1758648524.4862893,1.0003,1.0004,1.000350
1758648525.0857816,1.0003,1.0004,1.000350
1758648531.8068013,1.0003,1.0004,1.000350
1758648535.071251,1.0003,1.0004,1.000350
1758648539.3075354,1.0003,1.0004,1.000350
1758648542.8821533,1.0003,1.0004,1.000350
1758648547.2727768,1.0003,1.0004,1.000350
1758648550.3350854,1.0003,1.0004,1.000350
1758648551.2424705,1.0003,1.0004,1.000350
1758648552.3172612,1.0003,1.0004,1.000350
1758648555.6199532,1.0003,1.0004,1.000350
1758648562.078555,1.0003,1.0004,1.000350
1758648566.008338,1.0003,1.0004,1.000350
1758648567.5890214,1.0003,1.0004,1.000350
1758648569.651564,1.0003,1.0004,1.000350
1758648571.19082,1.0003,1.0004,1.000350
1758648572.6289625,1.0003,1.0004,1.000350
1758648576.0740857,1.0003,1.0004,1.000350
1758648578.0266225,1.0003,1.0004,1.000350
1758648579.5143418,1.0003,1.0004,1.000350
1758648583.0664213,1.0003,1.0004,1.000350
1758648584.4105062,1.0003,1.0004,1.000350
1758648586.5960922,1.0003,1.0004,1.000350
1758648587.1874723,1.0003,1.0004,1.000350
1758648590.0687094,1.0003,1.0004,1.000350
1758648593.016758,1.0003,1.0004,1.000350
1758648593.5737157,1.0003,1.0004,1.000350
1758648595.7308815,1.0003,1.0004,1.000350
1758648597.0833013,1.0003,1.0004,1.000350
1758648598.9772048,1.0003,1.0004,1.000350
1758648599.5105479,1.0003,1.0004,1.000350
1758648603.2160575,1.0003,1.0004,1.000350
1758648604.1900542,1.0003,1.0004,1.000350
1758648604.6992686,1.0003,1.0004,1.000350
1758648609.4371843,1.0003,1.0004,1.000350
1758648614.5725198,1.0003,1.0004,1.000350
1758648618.1064122,1.0003,1.0004,1.000350
1758648621.6242101,1.0003,1.0004,1.000350
1758648625.068441,1.0003,1.0004,1.000350
1758648628.746323,1.0003,1.0004,1.000350
1758648632.2645063,1.0003,1.0004,1.000350
1758648636.1722028,1.0003,1.0004,1.000350
1758648639.1169615,1.0003,1.0004,1.000350
1758648642.60564,1.0003,1.0004,1.000350
1758648646.1777644,1.0003,1.0004,1.000350
1758648662.6516283,1.0003,1.0004,1.000350
1758648664.3275864,1.0003,1.0004,1.000350
1758648677.5715,1.0003,1.0004,1.000350
1758648681.1719391,1.0003,1.0004,1.000350
1758648684.573484,1.0003,1.0004,1.000350
1758648688.1328368,1.0003,1.0004,1.000350
1758648699.0754569,1.0003,1.0004,1.000350
1758648699.4662747,1.0003,1.0004,1.000350
1758648705.4100258,1.0003,1.0004,1.000350
1758648711.5933838,1.0003,1.0004,1.000350
1758648715.0671756,1.0003,1.0004,1.000350
1758648716.7688808,1.0003,1.0004,1.000350
1758648720.2798598,1.0003,1.0004,1.000350
1758648721.5726879,1.0003,1.0004,1.000350
1758648724.3270583,1.0003,1.0004,1.000350
1758648730.573509,1.0003,1.0004,1.000350
1758648733.985394,1.0003,1.0004,1.000350
1758648740.5889585,1.0003,1.0004,1.000350
1758648744.0982137,1.0003,1.0004,1.000350
1758648747.570352,1.0003,1.0004,1.000350
1758648751.176006,1.0003,1.0004,1.000350
1758648757.5694842,1.0003,1.0004,1.000350
1758648761.0719786,1.0003,1.0004,1.000350
1758648764.5782835,1.0003,1.0004,1.000350
1758648768.1307492,1.0003,1.0004,1.000350
1758648770.4667697,1.0003,1.0004,1.000350
1758648771.764356,1.0003,1.0004,1.000350
1758648775.0753098,1.0003,1.0004,1.000350
1758648781.600203,1.0003,1.0004,1.000350
1758648784.332219,1.0003,1.0004,1.000350
1758648797.5728486,1.0003,1.0004,1.000350
1758648798.3729153,1.0003,1.0004,1.000350
1758648801.1922646,1.0003,1.0004,1.000350
1758648803.2924285,1.0003,1.0004,1.000350
1758648804.6261687,1.0003,1.0004,1.000350
1758648806.4699523,1.0003,1.0004,1.000350
1758648808.076093,1.0003,1.0004,1.000350
1758648809.5344892,1.0003,1.0004,1.000350
1758648814.2467308,1.0003,1.0004,1.000350
1758648814.583998,1.0003,1.0004,1.000350
1758648817.5678666,1.0003,1.0004,1.000350
1758648818.7115536,1.0003,1.0004,1.000350
1758648821.3049648,1.0003,1.0004,1.000350
1758648822.423459,1.0003,1.0004,1.000350
1758648824.3162334,1.0003,1.0004,1.000350
1758648827.3649292,1.0003,1.0004,1.000350
1758648827.7501407,1.0003,1.0004,1.000350
1758648830.7255814,1.0003,1.0004,1.000350
1758648831.5751874,1.0003,1.0004,1.000350
1758648832.9566936,1.0003,1.0004,1.000350
1758648833.833149,1.0003,1.0004,1.000350
1758648835.1054296,1.0003,1.0004,1.000350
1758648836.534492,1.0003,1.0004,1.000350
1758648839.7491367,1.0003,1.0004,1.000350
1758648840.018636,1.0003,1.0004,1.000350
1758648840.5702577,1.0003,1.0004,1.000350
1758648842.7168577,1.0003,1.0004,1.000350
1758648844.0957003,1.0003,1.0004,1.000350
1758648845.0770624,1.0003,1.0004,1.000350
1758648845.4695745,1.0003,1.0004,1.000350
1758648848.5482454,1.0003,1.0004,1.000350
1758648850.1445346,1.0003,1.0004,1.000350
1758648852.1247454,1.0003,1.0004,1.000350
1758648854.953602,1.0003,1.0004,1.000350
1758648859.461894,1.0003,1.0004,1.000350
1758648862.6788702,1.0003,1.0004,1.000350
1758648864.6534953,1.0003,1.0004,1.000350
1758648865.5692368,1.0003,1.0004,1.000350
1758648869.0125809,1.0003,1.0004,1.000350
1758648869.4236228,1.0003,1.0004,1.000350
1758648872.3768728,1.0003,1.0004,1.000350
1758648875.8683896,1.0003,1.0004,1.000350
1758648876.63884,1.0003,1.0004,1.000350
1758648878.380708,1.0003,1.0004,1.000350
1758648881.706991,1.0003,1.0004,1.000350
1758648882.5704007,1.0003,1.0004,1.000350
1758648884.9250224,1.0003,1.0004,1.000350
1758648886.0743613,1.0003,1.0004,1.000350
1758648887.5791128,1.0003,1.0004,1.000350
1758648888.2746816,1.0003,1.0004,1.000350
1758648889.5707254,1.0003,1.0004,1.000350
1758648891.698101,1.0003,1.0004,1.000350
1758648893.0716918,1.0003,1.0004,1.000350
1758648894.3854196,1.0003,1.0004,1.000350
1758648894.7454352,1.0003,1.0004,1.000350
1758648896.5883641,1.0003,1.0004,1.000350
1758648897.347128,1.0003,1.0004,1.000350
1758648899.3282607,1.0003,1.0004,1.000350
1758648900.2517662,1.0003,1.0004,1.000350
1758648902.604804,1.0003,1.0004,1.000350
1758648903.3574612,1.0003,1.0004,1.000350
1758648905.0904162,1.0003,1.0004,1.000350
1758648906.2619488,1.0003,1.0004,1.000350
1758648906.512897,1.0003,1.0004,1.000350
1758648909.2237117,1.0003,1.0004,1.000350
1758648909.6094968,1.0003,1.0004,1.000350
1758648910.6210687,1.0003,1.0004,1.000350
1758648912.194505,1.0003,1.0004,1.000350
1758648913.1322758,1.0003,1.0004,1.000350
1758648915.7952003,1.0003,1.0004,1.000350
1758648916.576747,1.0003,1.0004,1.000350
1758648917.2418933,1.0003,1.0004,1.000350
1758648920.326703,1.0003,1.0004,1.000350
1758648925.5572128,1.0003,1.0004,1.000350
1758648927.4289513,1.0003,1.0004,1.000350
1758648928.7362218,1.0003,1.0004,1.000350
1758648931.9690294,1.0003,1.0004,1.000350
1758648938.3231783,1.0003,1.0004,1.000350
1758648939.8295455,1.0003,1.0004,1.000350
1758648942.8637085,1.0003,1.0004,1.000350
1758648943.7616,1.0003,1.0004,1.000350
1758648946.474872,1.0003,1.0004,1.000350
1758648947.7561035,1.0003,1.0004,1.000350
1758648949.412411,1.0003,1.0004,1.000350
1758648950.085847,1.0003,1.0004,1.000350
1758648952.3777554,1.0003,1.0004,1.000350
1758648953.6318567,1.0003,1.0004,1.000350
1758648954.8744097,1.0003,1.0004,1.000350
1758648955.4075928,1.0003,1.0004,1.000350
1758648957.1367407,1.0003,1.0004,1.000350
1758648959.4769084,1.0003,1.0004,1.000350
1758648961.6348915,1.0003,1.0004,1.000350
1758648962.6457276,1.0003,1.0004,1.000350
1758648962.9131925,1.0003,1.0004,1.000350
1758648964.3244157,1.0003,1.0004,1.000350
1758648965.4047396,1.0003,1.0004,1.000350
1758648967.5762737,1.0003,1.0004,1.000350
1758648968.4267824,1.0003,1.0004,1.000350
1758648971.2493055,1.0003,1.0004,1.000350
1758648972.9474792,1.0003,1.0004,1.000350
1758648974.0736187,1.0003,1.0004,1.000350
1758648977.5767798,1.0003,1.0004,1.000350
1758648978.1837666,1.0003,1.0004,1.000350
1758648980.7938719,1.0003,1.0004,1.000350
1758648981.1469731,1.0003,1.0004,1.000350
1758648981.7055364,1.0003,1.0004,1.000350
1758648984.8674886,1.0003,1.0004,1.000350
1758648985.2077875,1.0003,1.0004,1.000350
1758648988.1353333,1.0003,1.0004,1.000350
1758648988.5533082,1.0003,1.0004,1.000350
1758648991.5857337,1.0003,1.0004,1.000350
1758648991.9906497,1.0003,1.0004,1.000350
1758648995.1427464,1.0003,1.0004,1.000350
1758648997.8886938,1.0003,1.0004,1.000350
1758649000.339565,1.0003,1.0004,1.000350
1758649001.5699894,1.0003,1.0004,1.000350
1758649005.1739748,1.0003,1.0004,1.000350
1758649008.132941,1.0003,1.0004,1.000350
1758649008.6706674,1.0003,1.0004,1.000350
1758649009.2147932,1.0003,1.0004,1.000350
1758649012.7867754,1.0003,1.0004,1.000350
1758649014.581376,1.0003,1.0004,1.000350
1758649015.5879452,1.0003,1.0004,1.000350
1758649018.1130836,1.0003,1.0004,1.000350
1758649018.7823546,1.0003,1.0004,1.000350
1758649021.9599755,1.0003,1.0004,1.000350
1758649023.2482517,1.0003,1.0004,1.000350
1758649025.427197,1.0003,1.0004,1.000350
1758649025.9126074,1.0003,1.0004,1.000350
1758649026.8865316,1.0003,1.0004,1.000350
1758649028.8043296,1.0003,1.0004,1.000350
1758649029.6018755,1.0003,1.0004,1.000350
1758649030.4429443,1.0003,1.0004,1.000350
1758649031.4770632,1.0003,1.0004,1.000350
1758649032.567301,1.0003,1.0004,1.000350
1758649034.571174,1.0003,1.0004,1.000350
1758649036.0685031,1.0003,1.0004,1.000350
1758649037.2498307,1.0003,1.0004,1.000350
1758649037.762005,1.0003,1.0004,1.000350
1758649041.2435243,1.0003,1.0004,1.000350
1758649042.5744262,1.0003,1.0004,1.000350
1758649044.4742508,1.0003,1.0004,1.000350
1758649046.0877304,1.0003,1.0004,1.000350
1758649047.1806467,1.0003,1.0004,1.000350
1758649049.5830631,1.0003,1.0004,1.000350
1758649050.2885644,1.0003,1.0004,1.000350
1758649052.5481205,1.0003,1.0004,1.000350
1758649053.1702082,1.0003,1.0004,1.000350
1758649059.1091137,1.0003,1.0004,1.000350
1758649062.3947465,1.0003,1.0004,1.000350
1758649063.6396987,1.0003,1.0004,1.000350
1758649066.6412969,1.0003,1.0004,1.000350
1758649069.834199,1.0003,1.0004,1.000350
1758649072.814546,1.0003,1.0004,1.000350
1758649074.5750792,1.0003,1.0004,1.000350
1758649075.92245,1.0003,1.0004,1.000350
1758649076.5122025,1.0003,1.0004,1.000350
1758649077.331838,1.0003,1.0004,1.000350
1758649080.5774481,1.0003,1.0004,1.000350
1758649080.9488857,1.0003,1.0004,1.000350
1758649083.7168229,1.0003,1.0004,1.000350
1758649084.1664877,1.0003,1.0004,1.000350
1758649086.7134182,1.0003,1.0004,1.000350
1758649087.5871549,1.0003,1.0004,1.000350
1758649089.466641,1.0003,1.0004,1.000350
1758649091.0995781,1.0003,1.0004,1.000350
1758649092.8649616,1.0003,1.0004,1.000350
1758649096.122468,1.0003,1.0004,1.000350
1758649097.5863245,1.0003,1.0004,1.000350
1758649098.8748066,1.0003,1.0004,1.000350
1758649101.1366727,1.0003,1.0004,1.000350
1758649101.5342553,1.0003,1.0004,1.000350
1758649104.400078,1.0003,1.0004,1.000350
1758649107.8795378,1.0003,1.0004,1.000350
1758649114.952361,1.0003,1.0004,1.000350
1758649118.6547546,1.0003,1.0004,1.000350
1758649125.6592867,1.0003,1.0004,1.000350
1758649128.6831462,1.0003,1.0004,1.000350
1758649141.7724516,1.0003,1.0004,1.000350
1758649144.329945,1.0003,1.0004,1.000350
1758649147.5810924,1.0003,1.0004,1.000350
1758649151.0769231,1.0003,1.0004,1.000350
1758649154.929108,1.0003,1.0004,1.000350
1758649158.19958,1.0003,1.0004,1.000350
1758649161.5725434,1.0003,1.0004,1.000350
1758649165.0664415,1.0003,1.0004,1.000350
1758649171.8374178,1.0003,1.0004,1.000350
1758649175.5802467,1.0003,1.0004,1.000350
1758649178.6484358,1.0003,1.0004,1.000350
1758649185.089403,1.0003,1.0004,1.000350
1758649188.7242694,1.0003,1.0004,1.000350
1758649193.4296014,1.0003,1.0004,1.000350
1758649197.846487,1.0003,1.0004,1.000350
1758649200.4324617,1.0003,1.0004,1.000350
1758649214.4638693,1.0003,1.0004,1.000350
1758649217.445232,1.0003,1.0004,1.000350
1758649220.3921938,1.0003,1.0004,1.000350
1758649223.6343703,1.0003,1.0004,1.000350
1758649228.7448313,1.0003,1.0004,1.000350
1758649231.8090737,1.0003,1.0004,1.000350
1758649234.5817487,1.0003,1.0004,1.000350
1758649238.160484,1.0003,1.0004,1.000350
1758649245.1648533,1.0003,1.0004,1.000350
1758649248.0669014,1.0003,1.0004,1.000350
1758649251.5729887,1.0003,1.0004,1.000350
1758649252.708399,1.0003,1.0004,1.000350
1758649257.3510976,1.0003,1.0004,1.000350
1758649270.5051842,1.0003,1.0004,1.000350
1758649284.180379,1.0003,1.0004,1.000350
1758649291.9138975,1.0003,1.0004,1.000350
1758649295.8566165,1.0003,1.0004,1.000350
1758649298.5092497,1.0003,1.0004,1.000350
1758649302.2745254,1.0003,1.0004,1.000350
1758649307.0523171,1.0003,1.0004,1.000350
1758649310.9405043,1.0003,1.0004,1.000350
1758649315.936462,1.0003,1.0004,1.000350
1758649321.5993273,1.0003,1.0004,1.000350
1758649323.596707,1.0003,1.0004,1.000350
1758649331.7742178,1.0003,1.0004,1.000350
1758649333.7187223,1.0003,1.0004,1.000350
1758649338.8564296,1.0003,1.0004,1.000350
1758649339.4145901,1.0003,1.0004,1.000350
1758649341.5020099,1.0003,1.0004,1.000350
1758649341.7932138,1.0003,1.0004,1.000350
1758649344.1192925,1.0003,1.0004,1.000350
1758649344.592011,1.0003,1.0004,1.000350
1758649346.8965101,1.0003,1.0004,1.000350
1758649348.1776636,1.0003,1.0004,1.000350
1758649350.9472501,1.0003,1.0004,1.000350
1758649352.6066914,1.0003,1.0004,1.000350
1758649353.3513353,1.0003,1.0004,1.000350
1758649353.6116455,1.0003,1.0004,1.000350
1758649354.3306634,1.0003,1.0004,1.000350
1758649355.3904822,1.0003,1.0004,1.000350
1758649355.6808102,1.0003,1.0004,1.000350
1758649358.0145411,1.0003,1.0004,1.000350
1758649359.0824625,1.0003,1.0004,1.000350
1758649360.4808567,1.0003,1.0004,1.000350
1758649362.664622,1.0003,1.0004,1.000350
1758649364.0141597,1.0003,1.0004,1.000350
1758649366.3397634,1.0003,1.0004,1.000350
1758649367.1975355,1.0003,1.0004,1.000350
1758649370.0709028,1.0003,1.0004,1.000350
1758649373.1367486,1.0003,1.0004,1.000350
1758649373.8731623,1.0003,1.0004,1.000350
1758649376.9847744,1.0003,1.0004,1.000350
1758649377.393558,1.0003,1.0004,1.000350
1758649380.1055431,1.0003,1.0004,1.000350
1758649383.192031,1.0003,1.0004,1.000350
1758649383.840541,1.0003,1.0004,1.000350
1758649386.3146882,1.0003,1.0004,1.000350
1758649386.903167,1.0003,1.0004,1.000350
1758649390.014258,1.0003,1.0004,1.000350
1758649390.912623,1.0003,1.0004,1.000350
1758649393.6888235,1.0003,1.0004,1.000350
1758649401.7856667,1.0003,1.0004,1.000350
1758649406.8425703,1.0003,1.0004,1.000350
1758649409.6010137,1.0003,1.0004,1.000350
1758649409.874313,1.0003,1.0004,1.000350
1758649413.0685272,1.0003,1.0004,1.000350
1758649416.082314,1.0003,1.0004,1.000350
1758649417.5545564,1.0003,1.0004,1.000350
1758649424.071868,1.0003,1.0004,1.000350
1758649427.1654975,1.0003,1.0004,1.000350
1758649430.004581,1.0003,1.0004,1.000350
1758649433.5758379,1.0003,1.0004,1.000350
1758649434.452021,1.0003,1.0004,1.000350
1758649437.226902,1.0003,1.0004,1.000350
1758649438.709423,1.0003,1.0004,1.000350
1758649439.5862548,1.0003,1.0004,1.000350
1758649441.9335885,1.0003,1.0004,1.000350
1758649442.4179428,1.0003,1.0004,1.000350
1758649444.8641586,1.0003,1.0004,1.000350
1758649446.7820868,1.0003,1.0004,1.000350
1758649449.5271635,1.0003,1.0004,1.000350
1758649452.7642446,1.0003,1.0004,1.000350
1758649455.4023414,1.0003,1.0004,1.000350
1758649458.0715108,1.0003,1.0004,1.000350
1758649460.7224066,1.0003,1.0004,1.000350
1758649464.0064075,1.0003,1.0004,1.000350
1758649466.4226398,1.0003,1.0004,1.000350
1758649467.417919,1.0003,1.0004,1.000350
1758649470.7207398,1.0003,1.0004,1.000350
1758649473.0770106,1.0003,1.0004,1.000350
1758649475.8125448,1.0003,1.0004,1.000350
1758649479.105099,1.0003,1.0004,1.000350
1758649480.2153347,1.0003,1.0004,1.000350
1758649480.9597187,1.0003,1.0004,1.000350
1758649483.7395363,1.0003,1.0004,1.000350
1758649486.8608057,1.0003,1.0004,1.000350
1758649489.274993,1.0003,1.0004,1.000350
1758649490.195818,1.0003,1.0004,1.000350
1758649494.1856956,1.0003,1.0004,1.000350
1758649494.6290958,1.0003,1.0004,1.000350
1758649495.2622328,1.0003,1.0004,1.000350
1758649497.8891943,1.0003,1.0004,1.000350
1758649500.7852244,1.0003,1.0004,1.000350
1758649501.4050865,1.0003,1.0004,1.000350
1758649503.6954558,1.0003,1.0004,1.000350
1758649506.1831398,1.0003,1.0004,1.000350
1758649508.8645692,1.0003,1.0004,1.000350
1758649511.7115207,1.0003,1.0004,1.000350
1758649512.426372,1.0003,1.0004,1.000350
1758649515.787296,1.0003,1.0004,1.000350
1758649516.1848156,1.0003,1.0004,1.000350
1758649519.5717428,1.0003,1.0004,1.000350
1758649524.0867057,1.0003,1.0004,1.000350
1758649524.8025634,1.0003,1.0004,1.000350
1758649530.8910174,1.0003,1.0004,1.000350
1758649531.628143,1.0003,1.0004,1.000350
1758649535.3367105,1.0003,1.0004,1.000350
1758649539.1806407,1.0003,1.0004,1.000350
1758649540.2579405,1.0003,1.0004,1.000350
1758649541.387772,1.0003,1.0004,1.000350
1758649542.5735233,1.0003,1.0004,1.000350
1758649544.7996898,1.0003,1.0004,1.000350
1758649545.8827403,1.0003,1.0004,1.000350
1758649546.5577216,1.0003,1.0004,1.000350
1758649547.990766,1.0003,1.0004,1.000350
1758649549.127365,1.0003,1.0004,1.000350
1758649550.8795407,1.0003,1.0004,1.000350
1758649552.5982678,1.0003,1.0004,1.000350
1758649553.434778,1.0003,1.0004,1.000350
1758649556.0800157,1.0003,1.0004,1.000350
1758649558.751256,1.0003,1.0004,1.000350
1758649562.3854938,1.0003,1.0004,1.000350
1758649564.075362,1.0003,1.0004,1.000350
1758649564.9763868,1.0003,1.0004,1.000350
1758649567.6522722,1.0003,1.0004,1.000350
1758649570.56206,1.0003,1.0004,1.000350
1758649571.0705793,1.0003,1.0004,1.000350
1758649572.4698029,1.0003,1.0004,1.000350
1758649573.1427803,1.0003,1.0004,1.000350
1758649575.9215362,1.0003,1.0004,1.000350
1758649578.824516,1.0003,1.0004,1.000350
1758649579.476642,1.0003,1.0004,1.000350
1758649582.399409,1.0003,1.0004,1.000350
1758649584.8038568,1.0003,1.0004,1.000350
1758649585.1880121,1.0003,1.0004,1.000350
1758649587.108241,1.0003,1.0004,1.000350
1758649588.5939076,1.0003,1.0004,1.000350
1758649589.0568166,1.0003,1.0004,1.000350
1758649589.823613,1.0003,1.0004,1.000350
1758649594.7196195,1.0003,1.0004,1.000350
