unix_timestamp,bid,ask,mid
1758699465.1337595,2.2884,2.2891,2.288750
1758699465.3832657,2.2881,2.2884,2.288250
1758699465.6378605,2.2875,2.2878,2.287650
1758699465.8969736,2.2865,2.2869,2.286700
1758699466.1644256,2.2839,2.2854,2.284650
1758699466.4127858,2.2823,2.2827,2.282500
1758699466.6730013,2.2817,2.2826,2.282150
1758699466.9472017,2.2811,2.2825,2.281800
1758699467.2113347,2.281,2.2811,2.281050
1758699467.4506304,2.2806,2.2807,2.280650
1758699467.7007082,2.28,2.2802,2.280100
1758699467.950987,2.28,2.2801,2.280050
1758699468.2494974,2.28,2.2801,2.280050
1758699468.4889455,2.28,2.2804,2.280200
1758699468.7417924,2.2803,2.2806,2.280450
1758699469.0005994,2.28,2.2801,2.280050
1758699469.2498999,2.28,2.2801,2.280050
1758699469.5050116,2.2811,2.2812,2.281150
1758699469.7584026,2.2812,2.2823,2.281750
1758699470.0102332,2.2813,2.282,2.281650
1758699470.29871,2.2815,2.2825,2.282000
1758699470.5491517,2.2814,2.2815,2.281450
1758699470.802614,2.2812,2.2817,2.281450
1758699471.0551052,2.2812,2.2817,2.281450
1758699471.3148704,2.2809,2.281,2.280950
1758699471.5680337,2.28,2.2804,2.280200
1758699471.8494723,2.28,2.2801,2.280050
1758699472.1002264,2.28,2.2803,2.280150
1758699472.363394,2.2801,2.2812,2.280650
1758699472.622298,2.28,2.2801,2.280050
1758699472.9041598,2.2794,2.2798,2.279600
1758699473.1519473,2.2794,2.2799,2.279650
1758699473.4073188,2.2791,2.2801,2.279600
1758699473.676363,2.2792,2.2808,2.280000
1758699473.9328585,2.2788,2.279,2.278900
1758699474.1946661,2.2788,2.2792,2.279000
1758699474.4541829,2.2789,2.2791,2.279000
1758699474.7317886,2.2787,2.2797,2.279200
1758699475.0007408,2.278,2.2793,2.278650
1758699475.2503533,2.2784,2.2801,2.279250
1758699475.5048757,2.2785,2.2801,2.279300
1758699475.7598417,2.2784,2.28,2.279200
1758699476.0378947,2.2788,2.2794,2.279100
1758699476.2890804,2.2789,2.2794,2.279150
1758699476.5682943,2.2791,2.2795,2.279300
1758699476.8221896,2.2791,2.2798,2.279450
1758699477.0808368,2.2792,2.2797,2.279450
1758699477.343179,2.2792,2.2798,2.279500
1758699477.6810632,2.2792,2.2793,2.279250
1758699477.9310555,2.2791,2.2792,2.279150
1758699478.2059784,2.2793,2.2803,2.279800
1758699478.4690564,2.2796,2.2802,2.279900
1758699478.7744575,2.2801,2.2805,2.280300
1758699479.031654,2.2803,2.2805,2.280400
1758699479.3108985,2.2807,2.2808,2.280750
1758699479.5676756,2.2816,2.2817,2.281650
1758699479.8403583,2.2821,2.2832,2.282650
1758699480.106716,2.2817,2.2824,2.282050
1758699480.4063127,2.2815,2.2816,2.281550
1758699480.656887,2.2809,2.281,2.280950
1758699480.9329748,2.2799,2.281,2.280450
1758699481.1879272,2.2793,2.28,2.279650
1758699481.4328604,2.2793,2.2794,2.279350
1758699481.7015011,2.2791,2.2792,2.279150
1758699481.9891458,2.2791,2.2792,2.279150
1758699482.3255188,2.2791,2.2792,2.279150
1758699482.6994565,2.2791,2.2792,2.279150
1758699482.9620404,2.2791,2.2792,2.279150
1758699483.2690635,2.2791,2.2792,2.279150
1758699483.4865716,2.2791,2.2792,2.279150
1758699483.752282,2.2791,2.2798,2.279450
1758699484.0427113,2.2791,2.2796,2.279350
1758699484.307199,2.2791,2.2797,2.279400
1758699484.5611725,2.2791,2.2792,2.279150
1758699484.8117256,2.2795,2.2796,2.279550
1758699485.091722,2.2796,2.2797,2.279650
1758699485.3322058,2.2793,2.2797,2.279500
1758699485.6041758,2.2791,2.2799,2.279500
1758699485.8580163,2.2798,2.2799,2.279850
1758699486.114007,2.2794,2.2802,2.279800
1758699486.3646863,2.2797,2.2798,2.279750
1758699486.62193,2.2794,2.2796,2.279500
1758699486.8805923,2.2796,2.2797,2.279650
1758699487.1352077,2.2793,2.2797,2.279500
1758699487.393147,2.2791,2.2792,2.279150
1758699487.7000349,2.2791,2.2807,2.279900
1758699487.9470344,2.2788,2.2796,2.279200
1758699488.2125297,2.2779,2.2793,2.278600
1758699488.475558,2.278,2.2788,2.278400
1758699488.7265372,2.2782,2.2787,2.278450
1758699489.0211701,2.2778,2.2782,2.278000
1758699489.295392,2.2769,2.2782,2.277550
1758699489.5446603,2.2782,2.2788,2.278500
1758699489.8004935,2.2769,2.2782,2.277550
1758699490.0862067,2.2767,2.278,2.277350
1758699490.3512475,2.2777,2.2778,2.277750
1758699490.6067812,2.2761,2.2768,2.276450
1758699490.8554068,2.2755,2.2772,2.276350
1758699491.1116688,2.2756,2.2766,2.276100
1758699491.3676486,2.2756,2.2762,2.275900
1758699491.6376107,2.2756,2.2757,2.275650
1758699491.8928766,2.2751,2.2761,2.275600
1758699492.1435332,2.275,2.2755,2.275250
1758699492.40404,2.275,2.2757,2.275350
1758699492.7287865,2.2751,2.2758,2.275450
1758699492.9854057,2.2759,2.276,2.275950
1758699493.238719,2.275,2.2752,2.275100
1758699493.4961236,2.2755,2.2764,2.275950
1758699493.7455812,2.2752,2.2755,2.275350
1758699494.0160067,2.2755,2.2756,2.275550
1758699494.271877,2.2753,2.2756,2.275450
1758699494.523207,2.2747,2.2754,2.275050
1758699494.7812,2.2752,2.2753,2.275250
1758699495.032223,2.2753,2.2754,2.275350
1758699495.3101504,2.2756,2.276,2.275800
1758699495.5419073,2.276,2.2768,2.276400
1758699495.8051865,2.2762,2.2768,2.276500
1758699496.074395,2.2758,2.2766,2.276200
1758699496.3258545,2.2764,2.2765,2.276450
1758699496.5767138,2.2767,2.2768,2.276750
1758699496.8270142,2.2762,2.2772,2.276700
1758699497.0934074,2.2772,2.2775,2.277350
1758699497.3505328,2.2773,2.2774,2.277350
1758699497.6126418,2.2774,2.278,2.277700
1758699497.8641922,2.2779,2.278,2.277950
1758699498.130087,2.2781,2.2782,2.278150
1758699498.3895724,2.2778,2.2779,2.277850
1758699498.6555202,2.2761,2.2775,2.276800
1758699498.9104512,2.2768,2.2773,2.277050
1758699499.1599739,2.2767,2.2768,2.276750
1758699499.4154985,2.2768,2.2774,2.277100
1758699499.663943,2.2772,2.2773,2.277250
1758699499.9934664,2.2772,2.2778,2.277500
1758699500.270663,2.2772,2.2773,2.277250
1758699500.5326238,2.2776,2.2784,2.278000
1758699500.7894013,2.2772,2.2776,2.277400
1758699501.055759,2.2764,2.2776,2.277000
1758699501.3097448,2.2774,2.2775,2.277450
1758699501.5638793,2.2766,2.2773,2.276950
1758699501.8225667,2.2765,2.2771,2.276800
1758699502.0807846,2.2766,2.2769,2.276750
1758699502.3433025,2.277,2.2771,2.277050
1758699502.6023762,2.2752,2.2763,2.275750
1758699502.8561368,2.275,2.2751,2.275050
1758699503.1076708,2.275,2.2751,2.275050
1758699503.3589833,2.275,2.2751,2.275050
1758699503.686661,2.275,2.2751,2.275050
1758699503.960317,2.2755,2.2756,2.275550
1758699504.2759724,2.2771,2.2776,2.277350
1758699504.4845536,2.2784,2.2794,2.278900
1758699504.7337124,2.2787,2.2798,2.279250
1758699504.9863355,2.2795,2.2796,2.279550
1758699505.2484183,2.2782,2.2792,2.278700
1758699505.520874,2.2784,2.2794,2.278900
1758699505.7783654,2.2779,2.2789,2.278400
1758699506.031073,2.2772,2.278,2.277600
1758699506.2889297,2.2766,2.2778,2.277200
1758699506.5487473,2.2748,2.2764,2.275600
1758699506.7962775,2.2739,2.275,2.274450
1758699507.0458033,2.2747,2.2748,2.274750
1758699507.3614323,2.2759,2.2771,2.276500
1758699507.562529,2.2762,2.277,2.276600
1758699507.8132293,2.2768,2.2774,2.277100
1758699508.0651412,2.2773,2.2782,2.277750
1758699508.3146887,2.2773,2.2778,2.277550
1758699508.5661423,2.2778,2.2779,2.277850
1758699508.8573487,2.2772,2.2777,2.277450
1758699509.1100156,2.2767,2.2774,2.277050
1758699509.3611376,2.2744,2.276,2.275200
1758699509.616175,2.274,2.2754,2.274700
1758699509.866912,2.2747,2.2748,2.274750
1758699510.126122,2.2745,2.2746,2.274550
1758699510.3760047,2.2738,2.2741,2.273950
1758699510.6345232,2.274,2.2741,2.274050
1758699510.8881364,2.2743,2.2747,2.274500
1758699511.139672,2.2753,2.2759,2.275600
1758699511.3987458,2.2753,2.2757,2.275500
1758699511.6630952,2.2755,2.2756,2.275550
1758699511.9161527,2.2756,2.2763,2.275950
1758699512.1655378,2.2756,2.2763,2.275950
1758699512.4160464,2.2765,2.2766,2.276550
1758699512.6699603,2.2775,2.2781,2.277800
1758699512.9210126,2.2761,2.2773,2.276700
1758699513.174021,2.2762,2.2768,2.276500
1758699513.4303112,2.2763,2.2771,2.276700
1758699513.6866443,2.2763,2.277,2.276650
1758699513.93439,2.2768,2.2769,2.276850
1758699514.200769,2.2772,2.2773,2.277250
1758699514.4727132,2.2763,2.2779,2.277100
1758699514.7227616,2.2766,2.2778,2.277200
1758699514.9826415,2.2768,2.277,2.276900
1758699515.2382321,2.2766,2.2778,2.277200
1758699515.491008,2.2755,2.277,2.276250
1758699515.7455673,2.2757,2.2765,2.276100
1758699516.095165,2.2757,2.2764,2.276050
1758699516.3444548,2.2762,2.2763,2.276250
1758699516.596323,2.2756,2.2757,2.275650
1758699516.8760762,2.2736,2.2748,2.274200
1758699517.129688,2.2738,2.2752,2.274500
1758699517.3807998,2.2739,2.2752,2.274550
1758699517.6537879,2.2741,2.275,2.274550
1758699517.9018767,2.275,2.2751,2.275050
1758699518.2257292,2.2749,2.2752,2.275050
1758699518.4846458,2.2749,2.275,2.274950
1758699518.7484972,2.2749,2.275,2.274950
1758699519.0074441,2.2749,2.275,2.274950
1758699519.2923508,2.2739,2.2752,2.274550
1758699519.5711198,2.2734,2.2735,2.273450
1758699519.8271744,2.2735,2.2741,2.273800
1758699520.1035082,2.274,2.2741,2.274050
1758699520.3581114,2.2731,2.2738,2.273450
1758699520.6081917,2.2737,2.2739,2.273800
1758699520.8586807,2.2735,2.2743,2.273900
1758699521.1160886,2.2735,2.2737,2.273600
1758699521.4368105,2.2734,2.2736,2.273500
1758699521.7220762,2.2735,2.2736,2.273550
1758699521.9816794,2.2732,2.274,2.273600
1758699522.301826,2.2731,2.2732,2.273150
1758699522.4905686,2.2733,2.2735,2.273400
1758699522.7461956,2.2728,2.2736,2.273200
1758699522.9980042,2.2732,2.2733,2.273250
1758699523.2597985,2.2728,2.2734,2.273100
1758699523.5102158,2.273,2.2736,2.273300
1758699523.765408,2.2736,2.2741,2.273850
1758699524.0276263,2.2739,2.274,2.273950
1758699524.282478,2.274,2.2741,2.274050
1758699524.5389786,2.2737,2.2741,2.273900
1758699524.8019423,2.2744,2.2745,2.274450
1758699525.0748062,2.2742,2.2743,2.274250
1758699525.324621,2.2739,2.2742,2.274050
1758699525.5779297,2.2739,2.2744,2.274150
1758699525.8429272,2.2744,2.2745,2.274450
1758699526.0946114,2.2749,2.2761,2.275500
1758699526.3583505,2.2749,2.2752,2.275050
1758699526.6101937,2.2757,2.2762,2.275950
1758699526.861632,2.2761,2.2767,2.276400
1758699527.111559,2.2763,2.2767,2.276500
1758699527.3873737,2.2767,2.2768,2.276750
1758699527.6651073,2.2766,2.2768,2.276700
1758699527.9481184,2.2767,2.2768,2.276750
1758699528.2249036,2.2762,2.277,2.276600
1758699528.4792962,2.2752,2.2766,2.275900
1758699528.7632186,2.2757,2.2765,2.276100
1758699529.0179043,2.2758,2.2767,2.276250
1758699529.2847269,2.2759,2.277,2.276450
1758699529.5529342,2.2761,2.277,2.276550
1758699529.8059475,2.2765,2.2772,2.276850
1758699530.0746295,2.2766,2.2767,2.276650
1758699530.333859,2.2766,2.2767,2.276650
1758699530.6059835,2.2762,2.2771,2.276650
1758699530.8563194,2.2762,2.2763,2.276250
1758699531.1164107,2.2759,2.2768,2.276350
1758699531.3682284,2.2758,2.2759,2.275850
1758699531.627961,2.2753,2.2754,2.275350
1758699531.8799343,2.2751,2.2752,2.275150
1758699532.1334279,2.2745,2.2752,2.274850
1758699532.3881905,2.2746,2.2749,2.274750
1758699532.6450026,2.2748,2.2749,2.274850
1758699532.8951144,2.275,2.2762,2.275600
1758699533.150841,2.2753,2.2759,2.275600
1758699533.4173226,2.2754,2.2761,2.275750
1758699533.6906724,2.2757,2.276,2.275850
1758699533.9572475,2.2754,2.276,2.275700
1758699534.2932236,2.2761,2.2763,2.276200
1758699534.4829798,2.2762,2.2772,2.276700
1758699534.7325268,2.2753,2.2761,2.275700
1758699535.0276594,2.2753,2.2759,2.275600
1758699535.2786512,2.2754,2.2755,2.275450
1758699535.5771124,2.2752,2.2762,2.275700
1758699535.83065,2.2753,2.2759,2.275600
1758699536.0901263,2.2758,2.2759,2.275850
1758699536.372235,2.2752,2.2763,2.275750
1758699536.632437,2.2756,2.2757,2.275650
1758699536.9017518,2.276,2.2763,2.276150
1758699537.2020328,2.2762,2.2768,2.276500
1758699537.4837508,2.2762,2.2778,2.277000
1758699537.982596,2.2766,2.2778,2.277200
1758699538.2773128,2.2767,2.2776,2.277150
1758699538.56859,2.276,2.2768,2.276400
1758699538.828366,2.2761,2.277,2.276550
1758699539.0940366,2.2763,2.2773,2.276800
1758699539.3546517,2.2758,2.277,2.276400
1758699539.6172247,2.2764,2.2765,2.276450
1758699539.925427,2.2759,2.2765,2.276200
1758699540.184414,2.2754,2.2757,2.275550
1758699540.4290977,2.275,2.2752,2.275100
1758699540.6959414,2.2751,2.2752,2.275150
1758699540.9692478,2.2738,2.274,2.273900
1758699541.2272131,2.2726,2.2727,2.272650
1758699541.493088,2.2726,2.2727,2.272650
1758699541.7514157,2.2725,2.2726,2.272550
1758699542.0127506,2.2718,2.2734,2.272600
1758699542.2871206,2.2721,2.2723,2.272200
1758699542.541083,2.2721,2.2722,2.272150
1758699542.7921505,2.2725,2.2726,2.272550
1758699543.0586393,2.2718,2.2719,2.271850
1758699543.3158534,2.2722,2.2723,2.272250
1758699543.5731363,2.2714,2.2719,2.271650
1758699543.8631966,2.2708,2.2709,2.270850
1758699544.1140094,2.2702,2.2703,2.270250
1758699544.4602818,2.27,2.2701,2.270050
1758699544.7273655,2.27,2.2701,2.270050
1758699544.978984,2.27,2.2701,2.270050
1758699545.234544,2.2689,2.2694,2.269150
1758699545.4824557,2.2688,2.2689,2.268850
1758699545.73557,2.2681,2.2688,2.268450
1758699545.987176,2.2681,2.2683,2.268200
1758699546.2882183,2.2669,2.2682,2.267550
1758699546.4916384,2.2671,2.2672,2.267150
1758699546.7622035,2.2668,2.2669,2.266850
1758699547.0292227,2.2668,2.2669,2.266850
1758699547.277689,2.2662,2.2665,2.266350
1758699547.5356555,2.2658,2.2663,2.266050
1758699547.7966542,2.2657,2.2658,2.265750
1758699548.0490959,2.2663,2.2665,2.266400
1758699548.3088732,2.2671,2.2674,2.267250
1758699548.5752125,2.2669,2.267,2.266950
1758699548.8247328,2.2669,2.267,2.266950
1758699549.0850468,2.2654,2.2666,2.266000
1758699549.3396897,2.2665,2.2666,2.266550
1758699549.5909011,2.2669,2.267,2.266950
1758699549.843575,2.2673,2.2675,2.267400
1758699550.1026788,2.2662,2.2667,2.266450
1758699550.354325,2.2662,2.2663,2.266250
1758699550.6183355,2.2656,2.2669,2.266250
1758699550.8712704,2.2662,2.2667,2.266450
1758699551.1270669,2.2663,2.2664,2.266350
1758699551.380176,2.2659,2.2664,2.266150
1758699551.6315696,2.2647,2.2661,2.265400
1758699551.882955,2.2651,2.2664,2.265750
1758699552.1504657,2.2662,2.2664,2.266300
1758699552.40055,2.2651,2.2663,2.265700
1758699552.6504054,2.2649,2.2664,2.265650
1758699552.9018033,2.2649,2.2659,2.265400
1758699553.176162,2.2652,2.266,2.265600
1758699553.4380436,2.266,2.2668,2.266400
1758699553.7589905,2.2667,2.267,2.266850
1758699554.0354564,2.266,2.2675,2.266750
1758699554.3005433,2.2688,2.2691,2.268950
1758699554.5555658,2.2695,2.2696,2.269550
1758699554.8108573,2.2695,2.2699,2.269700
1758699555.0693097,2.2704,2.2705,2.270450
1758699555.3356073,2.2712,2.2715,2.271350
1758699555.5942812,2.2727,2.2728,2.272750
1758699555.8477182,2.2708,2.2716,2.271200
1758699556.0995796,2.2703,2.271,2.270650
1758699556.359555,2.2705,2.271,2.270750
1758699556.6177564,2.2708,2.2709,2.270850
1758699556.880436,2.2708,2.2709,2.270850
1758699557.19861,2.2704,2.2705,2.270450
1758699557.4601247,2.2714,2.2715,2.271450
1758699557.7115285,2.2714,2.2718,2.271600
1758699557.9646397,2.2715,2.2716,2.271550
1758699558.2783113,2.2708,2.2716,2.271200
1758699558.504986,2.2708,2.271,2.270900
1758699558.8118758,2.2716,2.2724,2.272000
1758699559.0653687,2.2719,2.2722,2.272050
1758699559.3558495,2.272,2.2723,2.272150
1758699559.6131282,2.2719,2.2724,2.272150
1758699559.8648212,2.2721,2.2722,2.272150
1758699560.1261444,2.2718,2.2719,2.271850
1758699560.395246,2.2711,2.2712,2.271150
1758699560.6451502,2.2708,2.2719,2.271350
1758699560.8992293,2.2713,2.2714,2.271350
1758699561.155552,2.2711,2.2718,2.271450
1758699561.4204552,2.2713,2.2719,2.271600
1758699561.6797974,2.2708,2.2714,2.271100
1758699561.9460857,2.2709,2.2713,2.271100
1758699562.258982,2.2702,2.2708,2.270500
1758699562.510505,2.2701,2.2703,2.270200
1758699562.7641022,2.2703,2.2706,2.270450
1758699563.0385003,2.2711,2.2712,2.271150
1758699563.445142,2.2706,2.2724,2.271500
1758699563.7023003,2.2714,2.2728,2.272100
1758699563.9548292,2.2718,2.2723,2.272050
1758699564.2942405,2.2704,2.2712,2.270800
1758699564.4771774,2.271,2.2711,2.271050
1758699564.734293,2.2706,2.2717,2.271150
1758699564.9920638,2.2708,2.2714,2.271100
1758699565.2448936,2.2717,2.2718,2.271750
1758699565.500076,2.2725,2.2731,2.272800
1758699565.7536802,2.2735,2.2741,2.273800
1758699566.004506,2.274,2.2741,2.274050
1758699566.2568705,2.2731,2.2742,2.273650
1758699566.5177178,2.2724,2.2734,2.272900
1758699566.7625966,2.2734,2.2738,2.273600
1758699567.018034,2.2734,2.2735,2.273450
1758699567.2871275,2.273,2.2731,2.273050
1758699567.5333126,2.2726,2.2729,2.272750
1758699567.7981737,2.2709,2.272,2.271450
1758699568.0531344,2.2708,2.2709,2.270850
1758699568.3525376,2.2653,2.2655,2.265400
1758699568.6026587,2.264,2.2641,2.264050
1758699568.8617647,2.2635,2.2636,2.263550
1758699569.116793,2.2635,2.2636,2.263550
1758699569.387854,2.2634,2.2635,2.263450
1758699569.6370742,2.2631,2.2632,2.263150
1758699569.8949435,2.2629,2.263,2.262950
1758699570.1551673,2.2625,2.2626,2.262550
1758699570.4238687,2.2618,2.2619,2.261850
1758699570.6816154,2.2614,2.2615,2.261450
1758699570.9431977,2.2615,2.2619,2.261700
1758699571.20411,2.2615,2.2616,2.261550
1758699571.4498248,2.2611,2.2612,2.261150
1758699571.7173562,2.261,2.2615,2.261250
1758699571.9713025,2.2609,2.2616,2.261250
1758699572.2289774,2.2609,2.261,2.260950
1758699572.5146716,2.2609,2.2614,2.261150
1758699572.8372984,2.2613,2.2621,2.261700
1758699573.1054943,2.2621,2.2622,2.262150
1758699573.3679183,2.2608,2.2615,2.261150
1758699573.635381,2.2606,2.2608,2.260700
1758699573.9070148,2.2606,2.2608,2.260700
1758699574.1660082,2.2607,2.2608,2.260750
1758699574.4179924,2.2598,2.2602,2.260000
1758699574.668297,2.2602,2.2606,2.260400
1758699574.9218824,2.2596,2.2597,2.259650
1758699575.180088,2.2592,2.2597,2.259450
1758699575.4350915,2.259,2.2591,2.259050
1758699575.7007167,2.2587,2.2592,2.258950
1758699575.9596453,2.2581,2.2592,2.258650
1758699576.2766538,2.2581,2.2594,2.258750
1758699576.5140994,2.2576,2.2578,2.257700
1758699576.763776,2.258,2.2591,2.258550
1758699577.032588,2.2584,2.2592,2.258800
1758699577.2909636,2.2586,2.2596,2.259100
1758699577.5450368,2.2599,2.2607,2.260300
1758699577.8000345,2.261,2.2618,2.261400
1758699578.0667605,2.2616,2.263,2.262300
1758699578.3181272,2.2616,2.2617,2.261650
1758699578.570027,2.2592,2.2608,2.260000
1758699578.820798,2.2587,2.2588,2.258750
1758699579.0774825,2.2591,2.2594,2.259250
1758699579.337933,2.2581,2.2586,2.258350
1758699579.602451,2.2593,2.2606,2.259950
1758699579.8566854,2.2588,2.26,2.259400
1758699580.1096556,2.2589,2.2598,2.259350
1758699580.3620963,2.2594,2.2595,2.259450
1758699580.6180007,2.2581,2.2589,2.258500
1758699580.8673415,2.2571,2.2581,2.257600
1758699581.14917,2.2585,2.2596,2.259050
1758699581.4250345,2.2586,2.2588,2.258700
1758699581.6766708,2.258,2.2591,2.258550
1758699581.9296846,2.2579,2.2589,2.258400
1758699582.1816902,2.258,2.259,2.258500
1758699582.435612,2.2583,2.2593,2.258800
1758699582.6883535,2.2594,2.26,2.259700
1758699582.9432466,2.2598,2.2601,2.259950
1758699583.2189777,2.2591,2.2605,2.259800
1758699583.468599,2.2581,2.2593,2.258700
1758699583.7155359,2.2595,2.2597,2.259600
1758699583.9751785,2.2603,2.2604,2.260350
1758699584.234027,2.2586,2.2601,2.259350
1758699584.4846961,2.259,2.2604,2.259700
1758699584.7394736,2.2599,2.26,2.259950
1758699584.995884,2.2607,2.2613,2.261000
1758699585.2906725,2.2607,2.2616,2.261150
1758699585.5249486,2.2627,2.2628,2.262750
1758699585.8376613,2.2627,2.2628,2.262750
1758699586.0934405,2.2627,2.2628,2.262750
1758699586.3455498,2.2609,2.2616,2.261250
1758699586.6048274,2.2605,2.2616,2.261050
1758699586.8747025,2.261,2.2619,2.261450
1758699587.1402586,2.261,2.2615,2.261250
1758699587.4328265,2.2594,2.2606,2.260000
1758699587.6914127,2.2607,2.2612,2.260950
1758699587.9867995,2.2607,2.2609,2.260800
1758699588.3205972,2.2596,2.2609,2.260250
1758699588.4955883,2.2597,2.261,2.260350
1758699588.7582154,2.26,2.2608,2.260400
1758699589.0320013,2.2598,2.2607,2.260250
1758699589.3732154,2.2602,2.261,2.260600
1758699589.6326385,2.2601,2.2612,2.260650
1758699589.8859258,2.2603,2.2613,2.260800
1758699590.1405675,2.2599,2.2611,2.260500
1758699590.5015786,2.26,2.2612,2.260600
1758699590.749886,2.2601,2.2605,2.260300
1758699591.0264685,2.2601,2.2607,2.260400
1758699591.2835033,2.2597,2.2604,2.260050
1758699591.5775619,2.2604,2.2605,2.260450
1758699591.8275363,2.2598,2.2607,2.260250
1758699592.0891678,2.2595,2.2596,2.259550
1758699592.3395495,2.2592,2.2602,2.259700
1758699592.5983016,2.2596,2.2602,2.259900
1758699592.8652046,2.2596,2.2597,2.259650
1758699593.1500146,2.2581,2.2591,2.258600
1758699593.4020512,2.2597,2.2602,2.259950
1758699593.655841,2.2583,2.2592,2.258750
1758699593.9069521,2.2583,2.2587,2.258500
1758699594.2634885,2.258,2.2582,2.258100
1758699594.4990087,2.258,2.2582,2.258100
1758699594.8071568,2.258,2.2581,2.258050
1758699595.0772092,2.258,2.2581,2.258050
1758699595.3338156,2.2577,2.258,2.257850
1758699595.5991402,2.2577,2.2582,2.257950
1758699595.859023,2.2573,2.258,2.257650
1758699596.1164865,2.2571,2.258,2.257550
1758699596.3862708,2.2595,2.2613,2.260400
1758699596.636157,2.2595,2.261,2.260250
1758699596.9259763,2.2595,2.2596,2.259550
1758699597.188077,2.2585,2.2592,2.258850
1758699597.4353936,2.259,2.2591,2.259050
1758699597.7491941,2.2591,2.2592,2.259150
1758699598.041856,2.2591,2.2592,2.259150
1758699598.3063557,2.2591,2.2592,2.259150
1758699598.5683305,2.2591,2.2592,2.259150
1758699598.8222857,2.2593,2.2599,2.259600
1758699599.1042447,2.2593,2.2596,2.259450
1758699599.365531,2.2593,2.2597,2.259500
1758699599.6144521,2.2593,2.2594,2.259350
1758699599.8910015,2.2593,2.2594,2.259350
1758699600.1573272,2.2591,2.2592,2.259150
1758699600.4186902,2.2591,2.2593,2.259200
1758699600.6751282,2.2571,2.2591,2.258100
1758699600.9423053,2.2571,2.2582,2.257650
1758699601.2140534,2.257,2.2579,2.257450
1758699601.4904969,2.2568,2.2572,2.257000
1758699601.7434816,2.256,2.2569,2.256450
1758699601.9971282,2.256,2.2567,2.256350
1758699602.2540889,2.255,2.2566,2.255800
1758699602.5055144,2.255,2.2551,2.255050
1758699602.758666,2.2547,2.2551,2.254900
1758699603.0089314,2.2558,2.2559,2.255850
1758699603.2701793,2.2556,2.2557,2.255650
1758699603.5243843,2.2562,2.2563,2.256250
1758699603.8085978,2.2544,2.2556,2.255000
1758699604.0603104,2.2545,2.2551,2.254800
1758699604.3252,2.2538,2.2539,2.253850
1758699604.5876687,2.2538,2.2539,2.253850
1758699604.8485768,2.2539,2.2546,2.254250
1758699605.2253795,2.2537,2.2544,2.254050
1758699605.4813657,2.2535,2.2544,2.253950
1758699605.7488048,2.253,2.254,2.253500
1758699605.9984922,2.2523,2.254,2.253150
1758699606.282817,2.2535,2.2536,2.253550
1758699606.5532932,2.2532,2.2539,2.253550
1758699606.8067987,2.2523,2.2537,2.253000
1758699607.0755544,2.2523,2.2534,2.252850
1758699607.3473341,2.2524,2.253,2.252700
1758699607.6122267,2.2524,2.2529,2.252650
1758699607.8808622,2.2527,2.2536,2.253150
1758699608.1322606,2.2536,2.2547,2.254150
1758699608.3894784,2.2541,2.2546,2.254350
1758699608.6460547,2.2532,2.2539,2.253550
1758699608.9093492,2.2533,2.2534,2.253350
1758699609.1652582,2.2509,2.2532,2.252050
1758699609.5223012,2.251,2.2511,2.251050
1758699609.78819,2.2508,2.252,2.251400
1758699610.034715,2.2515,2.2516,2.251550
1758699610.3262417,2.2507,2.2516,2.251150
1758699610.577056,2.2507,2.2513,2.251000
1758699610.8279276,2.2507,2.2513,2.251000
1758699611.0830302,2.2511,2.2512,2.251150
1758699611.341502,2.2504,2.252,2.251200
1758699611.5907161,2.2508,2.2524,2.251600
1758699611.8875594,2.2508,2.251,2.250900
1758699612.135804,2.2506,2.2514,2.251000
1758699612.3897004,2.252,2.2526,2.252300
1758699612.640483,2.2521,2.2526,2.252350
1758699612.9286277,2.2524,2.2525,2.252450
1758699613.18037,2.2522,2.2527,2.252450
1758699613.429861,2.252,2.2527,2.252350
1758699613.6800494,2.2518,2.2519,2.251850
1758699613.9458838,2.2535,2.2537,2.253600
1758699614.2039976,2.2535,2.2536,2.253550
1758699614.465261,2.2535,2.2536,2.253550
1758699614.7275941,2.2535,2.2536,2.253550
1758699614.9823322,2.2535,2.2536,2.253550
1758699615.2942178,2.2535,2.2536,2.253550
1758699615.5101216,2.2535,2.2536,2.253550
1758699615.815725,2.2535,2.2536,2.253550
1758699616.0675488,2.2535,2.2536,2.253550
1758699616.324113,2.2536,2.254,2.253800
1758699616.5893965,2.2536,2.254,2.253800
1758699616.8503256,2.2536,2.2539,2.253750
1758699617.1049247,2.2546,2.2547,2.254650
1758699617.3565955,2.2535,2.2547,2.254100
1758699617.6111696,2.2535,2.2538,2.253650
1758699617.8619921,2.2544,2.2545,2.254450
1758699618.1202495,2.2541,2.2547,2.254400
1758699618.3804176,2.2547,2.2548,2.254750
1758699618.6317508,2.2542,2.2549,2.254550
1758699618.8828585,2.2545,2.2549,2.254700
1758699619.163082,2.255,2.2551,2.255050
1758699619.4147432,2.2551,2.2555,2.255300
1758699619.6660855,2.2555,2.2559,2.255700
1758699619.935783,2.255,2.2554,2.255200
1758699620.1984997,2.2552,2.2554,2.255300
1758699620.4515543,2.2551,2.2553,2.255200
1758699620.7133224,2.2548,2.2553,2.255050
1758699620.9826477,2.2549,2.2553,2.255100
1758699621.3052561,2.2549,2.2553,2.255100
1758699621.5119085,2.255,2.2553,2.255150
1758699621.841762,2.2549,2.2553,2.255100
1758699622.1110663,2.255,2.2553,2.255150
1758699622.362873,2.2552,2.2553,2.255250
1758699622.6147895,2.2553,2.2556,2.255450
1758699622.8803754,2.2544,2.2552,2.254800
1758699623.137072,2.2549,2.2553,2.255100
1758699623.3872983,2.255,2.2556,2.255300
1758699623.6422446,2.2549,2.2557,2.255300
1758699623.8948503,2.2548,2.2557,2.255250
1758699624.1518857,2.2549,2.2555,2.255200
1758699624.444013,2.2551,2.2556,2.255350
1758699624.7182984,2.2548,2.2555,2.255150
1758699624.9756806,2.2554,2.2555,2.255450
1758699625.3299599,2.2554,2.2555,2.255450
1758699625.5791063,2.2554,2.2557,2.255550
1758699626.1209219,2.2554,2.2556,2.255500
1758699626.1214645,2.2552,2.2558,2.255500
1758699626.6663775,2.255,2.2554,2.255200
1758699626.6720896,2.2549,2.2555,2.255200
1758699627.0111222,2.2559,2.256,2.255950
1758699627.2453556,2.2574,2.2577,2.257550
1758699627.814248,2.258,2.2581,2.258050
1758699627.8182535,2.2583,2.2589,2.258600
1758699627.892643,2.2588,2.2589,2.258850
1758699628.4001725,2.2591,2.2593,2.259200
1758699628.4174159,2.2592,2.2593,2.259250
1758699628.9902284,2.2596,2.2597,2.259650
1758699629.0026546,2.2591,2.2597,2.259400
1758699629.4868627,2.2593,2.2597,2.259500
1758699629.4928207,2.2597,2.2599,2.259800
1758699629.7382703,2.2597,2.26,2.259850
1758699630.0117185,2.2599,2.2606,2.260250
1758699630.3671017,2.26,2.261,2.260500
1758699630.6085765,2.2601,2.2607,2.260400
1758699630.8648334,2.2602,2.2613,2.260750
1758699631.1357927,2.2602,2.2609,2.260550
1758699631.40132,2.26,2.2603,2.260150
1758699631.6647303,2.2605,2.2611,2.260800
1758699631.921987,2.2605,2.2607,2.260600
1758699632.1992965,2.2612,2.2614,2.261300
1758699632.4536357,2.2608,2.2628,2.261800
1758699632.7127657,2.2608,2.2619,2.261350
1758699632.9722443,2.2617,2.2619,2.261800
1758699633.236441,2.2617,2.2625,2.262100
1758699633.5374348,2.261,2.2614,2.261200
1758699633.7990746,2.2613,2.2621,2.261700
1758699634.0674467,2.2611,2.262,2.261550
1758699634.3386314,2.2615,2.2624,2.261950
1758699634.5843139,2.2627,2.2628,2.262750
1758699634.8391802,2.2633,2.2634,2.263350
1758699635.1050997,2.2636,2.2641,2.263850
1758699635.3585238,2.2635,2.2638,2.263650
1758699635.6173918,2.2635,2.2637,2.263600
1758699635.8734043,2.2644,2.2645,2.264450
1758699636.1318119,2.2644,2.2645,2.264450
1758699636.4420285,2.2641,2.2642,2.264150
1758699636.647438,2.2636,2.2643,2.263950
1758699636.9043365,2.2639,2.2641,2.264000
1758699637.1763978,2.2642,2.2645,2.264350
1758699637.4369671,2.2628,2.2636,2.263200
1758699637.690638,2.264,2.2646,2.264300
1758699637.9467857,2.264,2.2645,2.264250
1758699638.202414,2.2642,2.2647,2.264450
1758699638.4543157,2.264,2.2645,2.264250
1758699638.7117481,2.264,2.2643,2.264150
1758699639.0011642,2.264,2.2646,2.264300
1758699639.2723858,2.2641,2.2645,2.264300
1758699639.5227463,2.264,2.2643,2.264150
1758699639.7800963,2.264,2.2645,2.264250
1758699640.0419567,2.264,2.2645,2.264250
1758699640.3146837,2.2647,2.2648,2.264750
1758699640.5671823,2.264,2.2648,2.264400
1758699640.820337,2.2638,2.2639,2.263850
1758699641.0907106,2.2633,2.264,2.263650
1758699641.3491344,2.2639,2.264,2.263950
1758699641.6227927,2.2639,2.264,2.263950
1758699641.8827038,2.2639,2.264,2.263950
1758699642.136286,2.2639,2.264,2.263950
1758699642.500226,2.2639,2.264,2.263950
1758699642.6491528,2.2649,2.265,2.264950
1758699642.9049735,2.2649,2.265,2.264950
1758699643.1574569,2.2649,2.265,2.264950
1758699643.4475842,2.2649,2.265,2.264950
1758699643.717568,2.2649,2.265,2.264950
1758699643.9791453,2.2649,2.265,2.264950
1758699644.2527459,2.2649,2.265,2.264950
1758699644.5109625,2.2649,2.265,2.264950
1758699644.7787986,2.2649,2.265,2.264950
1758699645.0454488,2.2644,2.2649,2.264650
1758699645.300191,2.2644,2.2645,2.264450
1758699645.5648875,2.2639,2.264,2.263950
1758699645.82156,2.2639,2.264,2.263950
1758699646.0825083,2.2639,2.2649,2.264400
1758699646.3401408,2.2641,2.2642,2.264150
1758699646.6030622,2.2641,2.2642,2.264150
1758699646.871223,2.2634,2.2638,2.263600
1758699647.1283648,2.2644,2.2648,2.264600
1758699647.3875768,2.2644,2.2645,2.264450
1758699647.642255,2.263,2.2645,2.263750
1758699647.8956516,2.2634,2.2644,2.263900
1758699648.2434447,2.2639,2.2643,2.264100
1758699648.5492373,2.2615,2.2628,2.262150
1758699648.8363354,2.2616,2.2628,2.262200
1758699649.1208181,2.2616,2.2631,2.262350
1758699649.445356,2.2621,2.2624,2.262250
1758699649.7128947,2.2615,2.2623,2.261900
1758699650.017925,2.2615,2.2622,2.261850
1758699650.3387744,2.2644,2.2648,2.264600
1758699650.629796,2.2647,2.2651,2.264900
1758699650.8853333,2.265,2.2651,2.265050
1758699651.1427846,2.265,2.2651,2.265050
1758699651.5073123,2.265,2.2651,2.265050
1758699651.694289,2.265,2.2651,2.265050
1758699651.9480119,2.265,2.2652,2.265100
1758699652.2171674,2.2651,2.2652,2.265150
1758699652.4756706,2.2645,2.2649,2.264700
1758699652.7692494,2.2645,2.2651,2.264800
1758699653.043185,2.2639,2.2645,2.264200
1758699653.2994783,2.264,2.2641,2.264050
1758699653.553849,2.2635,2.2636,2.263550
1758699653.8077335,2.264,2.2641,2.264050
1758699654.082282,2.2644,2.2645,2.264450
1758699654.340771,2.2648,2.2649,2.264850
1758699654.5883687,2.2653,2.2654,2.265350
1758699654.840727,2.2655,2.2656,2.265550
1758699655.1094706,2.2657,2.2658,2.265750
1758699655.471191,2.2657,2.2658,2.265750
1758699655.6857278,2.266,2.2661,2.266050
1758699655.9779444,2.2653,2.2663,2.265800
1758699656.2318733,2.2655,2.2664,2.265950
1758699656.4935005,2.2658,2.2664,2.266100
1758699656.7443526,2.2658,2.2659,2.265850
1758699656.7842064,2.2638,2.265,2.264400
1758699657.0293162,2.2641,2.2655,2.264800
1758699657.3443859,2.2653,2.2654,2.265350
1758699657.5633254,2.264,2.265,2.264500
1758699657.8327134,2.2653,2.2656,2.265450
1758699658.0889983,2.2641,2.2652,2.264650
1758699658.367716,2.2641,2.2652,2.264650
1758699658.7047248,2.2643,2.2652,2.264750
1758699658.9780922,2.264,2.265,2.264500
1758699659.2405455,2.2641,2.2642,2.264150
1758699659.4907424,2.2638,2.264,2.263900
1758699659.7469187,2.2636,2.2651,2.264350
1758699659.9969218,2.2637,2.2652,2.264450
1758699660.2563727,2.2648,2.265,2.264900
1758699660.500876,2.2641,2.265,2.264550
1758699660.754774,2.2637,2.2638,2.263750
1758699661.0042918,2.2615,2.2622,2.261850
1758699661.2587385,2.2609,2.2617,2.261300
1758699661.519366,2.2623,2.263,2.262650
1758699661.774307,2.2621,2.2633,2.262700
1758699662.037148,2.2616,2.2617,2.261650
1758699662.2898245,2.2622,2.2629,2.262550
1758699662.5466752,2.2621,2.2622,2.262150
1758699662.823079,2.2625,2.2626,2.262550
1758699663.0751367,2.2625,2.2626,2.262550
1758699663.3338346,2.2625,2.2626,2.262550
1758699663.6066322,2.2625,2.2626,2.262550
1758699663.8591373,2.2625,2.2626,2.262550
1758699664.1149325,2.2625,2.2626,2.262550
1758699664.3953767,2.2626,2.2628,2.262700
1758699664.654284,2.2626,2.2635,2.263050
1758699664.9035091,2.2623,2.2629,2.262600
1758699665.157122,2.2624,2.2632,2.262800
1758699665.4127274,2.2621,2.263,2.262550
1758699665.6907938,2.2626,2.2629,2.262750
1758699665.9406724,2.2626,2.2635,2.263050
1758699666.2015886,2.2626,2.2635,2.263050
1758699666.4652708,2.2622,2.263,2.262600
1758699666.7187808,2.2622,2.2629,2.262550
1758699666.9770253,2.2623,2.2639,2.263100
1758699667.23067,2.2625,2.2634,2.262950
1758699667.484858,2.2618,2.2629,2.262350
1758699667.7394562,2.2612,2.2625,2.261850
1758699668.0029807,2.2623,2.2624,2.262350
1758699668.253005,2.2614,2.2628,2.262100
1758699668.5172093,2.2616,2.2631,2.262350
1758699668.8231394,2.2611,2.2627,2.261900
1758699669.0895545,2.2612,2.2626,2.261900
1758699669.349536,2.2613,2.2626,2.261950
1758699669.6122348,2.2621,2.2635,2.262800
1758699669.8745353,2.2622,2.2625,2.262350
1758699670.1702812,2.2626,2.2629,2.262750
1758699670.4556682,2.2627,2.2637,2.263200
1758699670.7536848,2.2636,2.2637,2.263650
1758699671.0106864,2.265,2.2653,2.265150
1758699671.2989995,2.2654,2.2655,2.265450
1758699671.5492969,2.2656,2.2657,2.265650
1758699671.803433,2.2663,2.2664,2.266350
1758699672.05229,2.2664,2.2665,2.266450
1758699672.3225572,2.2668,2.2669,2.266850
1758699672.6036856,2.2668,2.2672,2.267000
1758699672.8594723,2.2658,2.2663,2.266050
1758699673.1110275,2.2667,2.2668,2.266750
1758699673.3643239,2.2669,2.2684,2.267650
1758699673.6247635,2.2671,2.2672,2.267150
1758699673.8764427,2.2671,2.2672,2.267150
1758699674.1293552,2.2684,2.2685,2.268450
1758699674.3915148,2.2682,2.2684,2.268300
1758699674.6453059,2.2682,2.2683,2.268250
1758699674.9296498,2.2676,2.2683,2.267950
1758699675.2444046,2.2677,2.2682,2.267950
1758699675.5042605,2.2679,2.2684,2.268150
1758699675.836421,2.268,2.2684,2.268200
1758699676.0885425,2.267,2.2678,2.267400
1758699676.3464093,2.2678,2.2685,2.268150
1758699676.605155,2.2684,2.2685,2.268450
1758699676.8633473,2.2685,2.2689,2.268700
1758699677.144982,2.2685,2.2686,2.268550
1758699677.3972955,2.2684,2.2686,2.268500
1758699677.6728659,2.2684,2.2686,2.268500
1758699677.9243722,2.2678,2.2685,2.268150
1758699678.2060313,2.2684,2.2686,2.268500
1758699678.4680607,2.2676,2.2679,2.267750
1758699678.7364278,2.2668,2.2677,2.267250
1758699678.9939451,2.2668,2.2674,2.267100
1758699679.2541435,2.2669,2.2682,2.267550
1758699679.512216,2.2671,2.2683,2.267700
1758699679.7643392,2.2673,2.268,2.267650
1758699680.0228477,2.2674,2.2681,2.267750
1758699680.2746232,2.2676,2.2681,2.267850
1758699680.5375705,2.2679,2.2685,2.268200
1758699680.7953243,2.2679,2.2681,2.268000
1758699681.0535011,2.2668,2.2678,2.267300
1758699681.3116443,2.2638,2.2639,2.263850
1758699681.556134,2.2619,2.263,2.262450
1758699681.8288798,2.2622,2.263,2.262600
1758699682.084337,2.2633,2.2637,2.263500
1758699682.3696718,2.2635,2.2648,2.264150
1758699682.6580787,2.2636,2.2645,2.264050
1758699682.9436493,2.264,2.2641,2.264050
1758699683.3645983,2.2642,2.2653,2.264750
1758699683.654662,2.2644,2.2652,2.264800
1758699683.9574988,2.2642,2.265,2.264600
1758699684.287516,2.2641,2.2646,2.264350
1758699684.4687607,2.2641,2.2657,2.264900
1758699684.7200332,2.2644,2.2645,2.264450
1758699684.979744,2.2646,2.2649,2.264750
1758699685.2380624,2.2648,2.2661,2.265450
1758699685.484415,2.264,2.2653,2.264650
1758699685.7387564,2.2648,2.2653,2.265050
1758699685.9988081,2.2648,2.2649,2.264850
1758699686.2705305,2.2649,2.2656,2.265250
1758699686.5176005,2.2643,2.2646,2.264450
1758699686.7730947,2.2641,2.2642,2.264150
1758699687.0398006,2.2644,2.2648,2.264600
1758699687.3424637,2.2641,2.2647,2.264400
1758699687.5930285,2.2636,2.2647,2.264150
1758699687.8605509,2.264,2.2645,2.264250
1758699688.1463718,2.2634,2.2641,2.263750
1758699688.4299421,2.2634,2.264,2.263700
1758699688.6844685,2.2634,2.264,2.263700
1758699689.0658677,2.2634,2.264,2.263700
1758699689.3304827,2.2634,2.264,2.263700
1758699689.5942693,2.2635,2.264,2.263750
1758699689.8607233,2.2634,2.2639,2.263650
1758699690.1147366,2.2634,2.264,2.263700
1758699690.3655832,2.2638,2.2639,2.263850
1758699690.6340528,2.2638,2.264,2.263900
1758699690.8861768,2.2635,2.2641,2.263800
1758699691.1382697,2.2633,2.2641,2.263700
1758699691.3882468,2.2639,2.264,2.263950
1758699691.6407053,2.264,2.2641,2.264050
1758699691.9055119,2.264,2.2641,2.264050
1758699692.1577094,2.2636,2.2641,2.263850
1758699692.414245,2.2637,2.2641,2.263900
1758699692.7499745,2.264,2.2641,2.264050
1758699693.0003128,2.264,2.2641,2.264050
1758699693.2922287,2.2639,2.2641,2.264000
1758699693.5313108,2.264,2.2641,2.264050
1758699693.7854335,2.264,2.2641,2.264050
1758699694.0365999,2.264,2.2641,2.264050
1758699694.3012812,2.264,2.2641,2.264050
1758699694.6154232,2.2634,2.2639,2.263650
1758699694.8686879,2.2629,2.263,2.262950
1758699695.1355965,2.2629,2.263,2.262950
1758699695.421432,2.2622,2.2623,2.262250
1758699695.6715462,2.2622,2.2623,2.262250
1758699695.9836001,2.2622,2.2638,2.263000
1758699696.27703,2.2622,2.2623,2.262250
1758699696.5512412,2.2621,2.2627,2.262400
1758699696.8016927,2.2621,2.2625,2.262300
1758699697.0875366,2.2621,2.2629,2.262500
1758699697.3449526,2.2623,2.2627,2.262500
1758699697.6076567,2.2623,2.263,2.262650
1758699697.8698623,2.2623,2.2633,2.262800
1758699698.1246874,2.2624,2.2636,2.263000
1758699698.3971748,2.2624,2.2633,2.262850
1758699698.6486766,2.2628,2.2637,2.263250
1758699698.912755,2.2625,2.2631,2.262800
1758699699.1688316,2.2618,2.2622,2.262000
1758699699.4630344,2.2614,2.2615,2.261450
1758699699.7142222,2.2606,2.2615,2.261050
1758699700.0588958,2.2606,2.2609,2.260750
1758699700.3138196,2.2606,2.2609,2.260750
1758699700.5684526,2.26,2.2615,2.260750
1758699700.8210216,2.262,2.263,2.262500
1758699701.1415324,2.2621,2.2632,2.262650
1758699701.391743,2.2622,2.2628,2.262500
1758699701.6699076,2.2622,2.2626,2.262400
1758699701.951734,2.2621,2.2632,2.262650
1758699702.204161,2.2622,2.2632,2.262700
1758699702.478997,2.2623,2.2636,2.262950
1758699702.753021,2.2623,2.2624,2.262350
1758699703.0153615,2.2608,2.262,2.261400
1758699703.2772937,2.2609,2.2613,2.261100
1758699703.5618017,2.2609,2.2611,2.261000
1758699703.845929,2.2592,2.2603,2.259750
1758699704.1136594,2.2606,2.2607,2.260650
1758699704.3685434,2.2595,2.2596,2.259550
1758699704.628794,2.2597,2.2598,2.259750
1758699704.9334881,2.2603,2.261,2.260650
1758699705.2201967,2.2604,2.2608,2.260600
1758699705.4615574,2.2604,2.261,2.260700
1758699705.876208,2.2594,2.2603,2.259850
1758699706.1429365,2.2598,2.2605,2.260150
1758699706.4319994,2.2603,2.261,2.260650
1758699706.697389,2.2604,2.2611,2.260750
1758699706.9512937,2.2604,2.2609,2.260650
1758699707.2125285,2.2593,2.2608,2.260050
1758699707.470301,2.2605,2.2608,2.260650
1758699707.7499886,2.2606,2.2608,2.260700
1758699708.0067766,2.2607,2.2608,2.260750
1758699708.345758,2.2607,2.2608,2.260750
1758699708.5906794,2.2607,2.2608,2.260750
1758699708.8440144,2.2615,2.2619,2.261700
1758699709.1225545,2.2615,2.2621,2.261800
1758699709.3807356,2.2615,2.2618,2.261650
1758699709.652935,2.2618,2.2621,2.261950
1758699709.938847,2.262,2.2621,2.262050
1758699710.245387,2.2622,2.2624,2.262300
1758699710.5687268,2.2623,2.2626,2.262450
1758699710.8493223,2.2623,2.2626,2.262450
1758699711.2074049,2.2627,2.2628,2.262750
1758699711.5930312,2.263,2.2638,2.263400
1758699711.9338138,2.263,2.2645,2.263750
1758699712.2102168,2.2645,2.2646,2.264550
1758699712.492919,2.2645,2.2652,2.264850
1758699712.7822464,2.2651,2.2652,2.265150
1758699713.0899582,2.2653,2.2656,2.265450
1758699713.3444526,2.2645,2.2651,2.264800
1758699713.5986626,2.2637,2.264,2.263850
1758699713.8655853,2.2647,2.2652,2.264950
1758699714.1234882,2.265,2.2652,2.265100
1758699714.3988554,2.2651,2.2652,2.265150
1758699714.6532931,2.2656,2.2657,2.265650
1758699714.904552,2.2656,2.2657,2.265650
1758699715.2145529,2.2657,2.266,2.265850
1758699715.4645052,2.2662,2.2667,2.266450
1758699715.7331686,2.2668,2.2674,2.267100
1758699715.9991102,2.267,2.2672,2.267100
1758699716.2658122,2.2668,2.2674,2.267100
1758699716.5247602,2.2667,2.2673,2.267000
1758699716.7785287,2.2672,2.2673,2.267250
1758699717.041002,2.2661,2.2674,2.266750
1758699717.3269873,2.2662,2.2664,2.266300
1758699717.5686388,2.2659,2.2668,2.266350
1758699717.8179793,2.2659,2.266,2.265950
1758699718.0887787,2.2656,2.266,2.265800
1758699718.3442614,2.265,2.2654,2.265200
1758699718.5930507,2.2646,2.2647,2.264650
1758699718.8875484,2.2645,2.2646,2.264550
1758699719.1389291,2.2636,2.2644,2.264000
1758699719.4022832,2.2654,2.266,2.265700
1758699719.6537678,2.2658,2.2666,2.266200
1758699719.914644,2.2653,2.2664,2.265850
1758699720.1622605,2.2654,2.2657,2.265550
1758699720.4235184,2.2655,2.2657,2.265600
1758699720.681793,2.2652,2.2653,2.265250
1758699720.9588304,2.2652,2.2653,2.265250
1758699721.1953928,2.2654,2.2657,2.265550
1758699721.4662871,2.2656,2.2657,2.265650
1758699721.7360103,2.2661,2.2662,2.266150
1758699722.0370543,2.2663,2.2664,2.266350
1758699722.2892482,2.2667,2.2668,2.266750
1758699722.5549285,2.2667,2.2668,2.266750
1758699722.8462439,2.2673,2.2674,2.267350
1758699723.1248696,2.2665,2.2674,2.266950
1758699723.3813028,2.2671,2.2672,2.267150
1758699723.6374836,2.2662,2.2671,2.266650
1758699723.8893194,2.2659,2.2663,2.266100
1758699724.1402702,2.2649,2.2657,2.265300
1758699724.4236555,2.2648,2.2651,2.264950
1758699724.6746235,2.2646,2.2647,2.264650
1758699724.9285448,2.264,2.2644,2.264200
1758699725.2013226,2.2635,2.2644,2.263950
1758699725.4639847,2.2635,2.2636,2.263550
1758699725.723744,2.2635,2.2637,2.263600
1758699725.987013,2.2639,2.264,2.263950
1758699726.2829242,2.2636,2.2639,2.263750
1758699726.5250227,2.2637,2.2642,2.263950
1758699726.7832713,2.2639,2.264,2.263950
1758699727.0335133,2.2639,2.264,2.263950
1758699727.3002641,2.2639,2.2646,2.264250
1758699727.5588818,2.264,2.2641,2.264050
1758699727.8615785,2.2639,2.2641,2.264000
1758699728.128596,2.2635,2.264,2.263750
1758699728.3943286,2.2635,2.2643,2.263900
1758699728.6591375,2.2639,2.2642,2.264050
1758699728.9143574,2.264,2.2642,2.264100
1758699729.2038853,2.2635,2.2641,2.263800
1758699729.4376853,2.2628,2.2629,2.262850
1758699729.687716,2.2628,2.2629,2.262850
1758699730.0048165,2.2628,2.2629,2.262850
1758699730.2563791,2.2628,2.2629,2.262850
1758699730.5388248,2.2628,2.2629,2.262850
1758699730.8418825,2.2627,2.2628,2.262750
1758699731.0940711,2.2626,2.2632,2.262900
1758699731.4046476,2.2625,2.2632,2.262850
1758699731.663189,2.2626,2.2632,2.262900
1758699731.9227302,2.2625,2.263,2.262750
1758699732.2736135,2.2629,2.263,2.262950
1758699732.4723303,2.2639,2.264,2.263950
1758699732.9361598,2.2646,2.2647,2.264650
1758699733.2154145,2.2647,2.266,2.265350
1758699733.46915,2.2663,2.2664,2.266350
1758699733.782431,2.2663,2.2664,2.266350
1758699734.1181931,2.2663,2.2664,2.266350
1758699734.4062629,2.2654,2.2659,2.265650
1758699734.656315,2.2645,2.2646,2.264550
1758699734.9131043,2.263,2.2633,2.263150
1758699735.3137445,2.264,2.2641,2.264050
1758699735.561808,2.2632,2.2639,2.263550
1758699735.8119256,2.2635,2.2636,2.263550
1758699736.093836,2.2647,2.2648,2.264750
1758699736.3476627,2.2647,2.2648,2.264750
1758699736.6364996,2.2656,2.2657,2.265650
1758699736.9195113,2.2648,2.2649,2.264850
1758699737.1822355,2.2651,2.2652,2.265150
1758699737.4759533,2.2656,2.2659,2.265750
1758699737.7429028,2.2658,2.2659,2.265850
1758699738.0026865,2.2633,2.2634,2.263350
1758699738.2528677,2.2632,2.2637,2.263450
1758699738.5131283,2.2632,2.2633,2.263250
1758699738.7748573,2.2629,2.263,2.262950
1758699739.0599775,2.2631,2.2637,2.263400
1758699739.2994013,2.264,2.2642,2.264100
1758699739.5623538,2.2641,2.2642,2.264150
1758699739.83113,2.2641,2.2642,2.264150
1758699740.0946364,2.2638,2.2639,2.263850
1758699740.3695352,2.2644,2.2645,2.264450
1758699740.6265132,2.2647,2.2648,2.264750
1758699740.8950071,2.2648,2.265,2.264900
1758699741.1521006,2.2649,2.265,2.264950
1758699741.401272,2.2651,2.2652,2.265150
1758699741.6543107,2.2655,2.2656,2.265550
1758699741.9517267,2.2655,2.2656,2.265550
1758699742.2271895,2.2648,2.265,2.264900
1758699742.4806323,2.2652,2.2654,2.265300
1758699742.75096,2.2651,2.2653,2.265200
1758699743.0940895,2.2646,2.2655,2.265050
1758699743.3657336,2.264,2.2641,2.264050
1758699743.6239536,2.2634,2.264,2.263700
1758699743.8885067,2.2631,2.2639,2.263500
1758699744.1452477,2.2632,2.2638,2.263500
1758699744.397681,2.2633,2.2638,2.263550
1758699744.6501718,2.2631,2.2637,2.263400
1758699744.9462318,2.2631,2.2632,2.263150
1758699745.2267187,2.2628,2.263,2.262900
1758699745.4842637,2.2628,2.2631,2.262950
1758699745.771272,2.2628,2.2629,2.262850
1758699746.028418,2.2608,2.2609,2.260850
1758699746.3039796,2.2604,2.2605,2.260450
1758699746.5704978,2.2602,2.2603,2.260250
1758699746.822404,2.259,2.26,2.259500
1758699747.0800836,2.2599,2.26,2.259950
1758699747.3327563,2.2607,2.2608,2.260750
1758699747.5848985,2.2603,2.2607,2.260500
1758699747.8372893,2.2603,2.2606,2.260450
1758699748.1819205,2.26,2.2603,2.260150
1758699748.433307,2.2602,2.2603,2.260250
1758699748.7132852,2.2593,2.2608,2.260050
1758699748.9653018,2.2602,2.2605,2.260350
1758699749.2164712,2.2598,2.2603,2.260050
1758699749.5002263,2.2599,2.2607,2.260300
1758699749.7783194,2.2599,2.2601,2.260000
1758699750.1239007,2.2601,2.2602,2.260150
1758699750.373566,2.2601,2.2607,2.260400
1758699750.6390557,2.2603,2.2607,2.260500
1758699750.9219682,2.2603,2.2604,2.260350
1758699751.1977153,2.2601,2.2604,2.260250
1758699751.4404974,2.2603,2.2608,2.260550
1758699751.716698,2.2603,2.2607,2.260500
1758699751.97441,2.2606,2.2607,2.260650
1758699752.235908,2.2612,2.2613,2.261250
1758699752.4852574,2.2612,2.2613,2.261250
1758699752.7363245,2.2612,2.2613,2.261250
1758699753.0012493,2.2613,2.262,2.261650
1758699753.2541385,2.2619,2.262,2.261950
1758699753.5126364,2.2617,2.2618,2.261750
1758699753.7831383,2.2617,2.2618,2.261750
1758699754.0368376,2.2614,2.2621,2.261750
1758699754.3033283,2.2616,2.2621,2.261850
1758699754.570835,2.2617,2.2619,2.261800
1758699754.829825,2.2614,2.2618,2.261600
1758699755.0800476,2.2614,2.2618,2.261600
1758699755.456053,2.2615,2.2618,2.261650
1758699755.7121434,2.2613,2.2614,2.261350
1758699755.982936,2.2603,2.2611,2.260700
1758699756.2330663,2.2603,2.2608,2.260550
1758699756.5056322,2.2603,2.2606,2.260450
1758699756.7720149,2.2598,2.2609,2.260350
1758699757.0274405,2.2599,2.2604,2.260150
1758699757.3771548,2.2601,2.2604,2.260250
1758699757.644444,2.2601,2.2607,2.260400
1758699757.9032357,2.2598,2.2602,2.260000
1758699758.153692,2.2598,2.2601,2.259950
1758699758.4201043,2.2595,2.2599,2.259700
1758699758.6757386,2.2595,2.2597,2.259600
1758699758.9506514,2.2594,2.2599,2.259650
1758699759.242213,2.2595,2.2598,2.259650
1758699759.4719439,2.2598,2.2603,2.260050
1758699759.7278984,2.2598,2.2602,2.260000
1758699759.9847178,2.2598,2.26,2.259900
1758699760.233204,2.2592,2.2598,2.259500
1758699760.4853508,2.2593,2.2596,2.259450
1758699760.7686439,2.26,2.2601,2.260050
1758699761.0448282,2.2595,2.2601,2.259800
1758699761.303321,2.26,2.2601,2.260050
1758699761.6328177,2.2593,2.2594,2.259350
1758699761.888005,2.2589,2.259,2.258950
1758699762.1423748,2.2586,2.2589,2.258750
1758699762.410817,2.2586,2.2587,2.258650
1758699762.6774297,2.2585,2.259,2.258750
1758699762.9504175,2.2585,2.2589,2.258700
1758699763.2337325,2.2584,2.2585,2.258450
1758699763.538022,2.2584,2.2588,2.258600
1758699763.8235798,2.2583,2.2586,2.258450
1758699764.0766563,2.2586,2.2587,2.258650
1758699764.3400574,2.2589,2.2591,2.259000
1758699764.6147516,2.2594,2.2597,2.259550
1758699764.8694193,2.2582,2.2592,2.258700
1758699765.1283746,2.2588,2.259,2.258900
1758699765.3924756,2.2587,2.2588,2.258750
1758699765.6430428,2.2587,2.2591,2.258900
1758699765.917433,2.2586,2.2592,2.258900
1758699766.1828592,2.2588,2.2592,2.259000
1758699766.4844189,2.2589,2.2592,2.259050
1758699766.7862866,2.2591,2.2592,2.259150
1758699767.0379834,2.2591,2.2592,2.259150
1758699767.4316425,2.2596,2.2601,2.259850
1758699767.709502,2.2603,2.2604,2.260350
1758699767.9597216,2.2603,2.2608,2.260550
1758699768.2403984,2.2605,2.2608,2.260650
1758699768.4793422,2.2607,2.2608,2.260750
1758699768.7843134,2.2607,2.2608,2.260750
1758699769.1523876,2.2607,2.2615,2.261100
1758699769.541139,2.261,2.2615,2.261250
1758699769.889708,2.2614,2.2618,2.261600
1758699770.2471302,2.2614,2.2622,2.261800
1758699770.596881,2.2615,2.2622,2.261850
1758699770.9448333,2.2616,2.2622,2.261900
1758699771.3003805,2.2621,2.2635,2.262800
1758699771.5205069,2.2622,2.2635,2.262850
1758699771.85228,2.2623,2.2626,2.262450
1758699772.1356952,2.2624,2.2634,2.262900
1758699772.3863878,2.2624,2.2632,2.262800
1758699772.776894,2.263,2.2631,2.263050
1758699773.1624496,2.2629,2.2631,2.263000
1758699773.482072,2.263,2.2631,2.263050
1758699773.7825823,2.2633,2.2634,2.263350
1758699774.034598,2.2634,2.2635,2.263450
1758699774.3047907,2.263,2.2636,2.263300
1758699774.5685854,2.2631,2.2635,2.263300
1758699774.8472092,2.2635,2.2636,2.263550
1758699775.223972,2.2626,2.2635,2.263050
1758699775.4748309,2.2635,2.2636,2.263550
1758699775.8067884,2.2635,2.2636,2.263550
1758699776.0771754,2.2635,2.2636,2.263550
1758699776.3551571,2.2632,2.2636,2.263400
1758699776.6007419,2.2632,2.2635,2.263350
1758699776.8696082,2.2628,2.2631,2.262950
1758699777.132985,2.263,2.2631,2.263050
1758699777.3865402,2.263,2.2631,2.263050
1758699777.6467915,2.2626,2.2631,2.262850
1758699777.9003494,2.2629,2.2631,2.263000
1758699778.1552892,2.2629,2.2631,2.263000
1758699778.4045062,2.2628,2.2631,2.262950
1758699778.6571317,2.263,2.2631,2.263050
1758699778.9107575,2.2624,2.2631,2.262750
1758699779.1749854,2.2625,2.263,2.262750
1758699779.4947472,2.2626,2.2634,2.263000
1758699779.806233,2.2623,2.2629,2.262600
1758699780.1009262,2.2621,2.2627,2.262400
1758699780.4525738,2.2628,2.2629,2.262850
1758699780.7595198,2.2618,2.2628,2.262300
1758699781.1380777,2.2613,2.2616,2.261450
1758699781.4180005,2.2613,2.2614,2.261350
1758699781.7487688,2.2612,2.2613,2.261250
1758699782.0349345,2.2611,2.2612,2.261150
1758699782.2939286,2.2601,2.2608,2.260450
1758699782.5466845,2.2601,2.2605,2.260300
1758699782.808473,2.2601,2.2602,2.260150
1758699783.060963,2.2594,2.2595,2.259450
1758699783.313407,2.2591,2.2593,2.259200
1758699783.5709743,2.259,2.2591,2.259050
1758699783.8209956,2.2584,2.2585,2.258450
1758699784.1366768,2.2586,2.2603,2.259450
1758699784.392837,2.259,2.2598,2.259400
1758699784.6473458,2.2589,2.2592,2.259050
1758699784.9011345,2.2591,2.2593,2.259200
1758699785.1613526,2.2594,2.2601,2.259750
1758699785.4148765,2.26,2.2601,2.260050
1758699785.6942818,2.2602,2.2606,2.260400
1758699785.9669738,2.2599,2.2606,2.260250
1758699786.2896197,2.2595,2.2599,2.259700
1758699786.5189283,2.2595,2.2596,2.259550
1758699786.8474536,2.2589,2.26,2.259450
1758699787.1080348,2.2589,2.259,2.258950
1758699787.3580267,2.2586,2.259,2.258800
1758699787.6374023,2.2582,2.2583,2.258250
1758699787.8950367,2.2581,2.2582,2.258150
1758699788.1646075,2.2579,2.2582,2.258050
1758699788.4186869,2.2579,2.2583,2.258100
1758699788.673515,2.2578,2.2581,2.257950
1758699788.9295335,2.2578,2.2579,2.257850
1758699789.2088127,2.2573,2.2578,2.257550
1758699789.459778,2.2571,2.2578,2.257450
1758699789.7101731,2.2577,2.258,2.257850
1758699789.973079,2.2577,2.258,2.257850
1758699790.2374277,2.2579,2.258,2.257950
1758699790.507411,2.2579,2.258,2.257950
1758699790.760224,2.2575,2.2581,2.257800
1758699791.0125418,2.2575,2.258,2.257750
1758699791.279551,2.2579,2.258,2.257950
1758699791.5348675,2.2574,2.2579,2.257650
1758699791.802822,2.2575,2.2582,2.257850
1758699792.0571039,2.2578,2.2579,2.257850
1758699792.3252692,2.2578,2.2579,2.257850
1758699792.5723262,2.2578,2.2579,2.257850
1758699792.8402848,2.2578,2.2579,2.257850
1758699793.1091812,2.2578,2.2579,2.257850
1758699793.3782287,2.2576,2.2579,2.257750
1758699793.6686094,2.2578,2.2579,2.257850
1758699793.9261353,2.2571,2.2576,2.257350
1758699794.2229726,2.2571,2.2578,2.257450
1758699794.4479017,2.257,2.2576,2.257300
1758699794.7488194,2.2575,2.2577,2.257600
1758699795.012428,2.2574,2.2578,2.257600
1758699795.3245196,2.2575,2.2578,2.257650
1758699795.5686412,2.2578,2.2581,2.257950
1758699795.838767,2.2578,2.2579,2.257850
1758699796.1082757,2.2578,2.2579,2.257850
1758699796.3720765,2.2578,2.2579,2.257850
1758699796.622478,2.2578,2.2581,2.257950
1758699796.8808634,2.2578,2.2581,2.257950
1758699797.1325762,2.258,2.2581,2.258050
1758699797.3824048,2.2585,2.2589,2.258700
1758699797.6424267,2.2585,2.2588,2.258650
1758699797.9005399,2.2581,2.2588,2.258450
1758699798.1512046,2.258,2.2582,2.258100
1758699798.4057276,2.2583,2.2586,2.258450
1758699798.66759,2.2583,2.2587,2.258500
1758699798.9179413,2.2583,2.2587,2.258500
1758699799.2376792,2.2585,2.2586,2.258550
1758699799.502412,2.2585,2.2589,2.258700
1758699799.7589476,2.2585,2.2588,2.258650
1758699800.0094395,2.2586,2.2589,2.258750
1758699800.2681417,2.2588,2.2589,2.258850
1758699800.5386446,2.2588,2.2591,2.258950
1758699800.7878876,2.2591,2.2592,2.259150
1758699801.0386117,2.2591,2.2592,2.259150
1758699801.289842,2.2593,2.2594,2.259350
1758699801.546272,2.2595,2.2596,2.259550
1758699801.8121266,2.2599,2.26,2.259950
1758699802.0629153,2.2599,2.26,2.259950
1758699802.3616905,2.2599,2.26,2.259950
1758699802.6307364,2.2599,2.26,2.259950
1758699802.9109828,2.259,2.2599,2.259450
1758699803.17392,2.2596,2.2599,2.259750
1758699803.4338582,2.2596,2.2599,2.259750
1758699803.690325,2.2598,2.2599,2.259850
1758699803.9646947,2.2593,2.2599,2.259600
1758699804.2805111,2.2591,2.2598,2.259450
1758699804.4889498,2.2595,2.2598,2.259650
1758699804.767575,2.2594,2.2598,2.259600
1758699805.0667744,2.2594,2.2599,2.259650
1758699805.322591,2.2594,2.2597,2.259550
1758699805.598426,2.2594,2.2597,2.259550
1758699805.8854625,2.2594,2.2597,2.259550
1758699806.1868188,2.2594,2.2596,2.259500
1758699806.4513974,2.2594,2.2596,2.259500
1758699806.7431483,2.2594,2.2595,2.259450
1758699807.0026371,2.2594,2.2596,2.259500
1758699807.2821653,2.2594,2.2598,2.259600
1758699807.5431163,2.2598,2.2599,2.259850
1758699807.805572,2.2598,2.26,2.259900
1758699808.0947917,2.2597,2.26,2.259850
1758699808.3762903,2.2597,2.26,2.259850
1758699808.62822,2.2597,2.26,2.259850
1758699808.8893347,2.2597,2.26,2.259850
1758699809.2564518,2.2598,2.26,2.259900
1758699809.5458171,2.2599,2.26,2.259950
1758699809.836756,2.2599,2.26,2.259950
1758699810.0946846,2.2599,2.26,2.259950
1758699810.4392087,2.2596,2.26,2.259800
1758699810.6944141,2.2599,2.26,2.259950
1758699810.9446027,2.2599,2.26,2.259950
1758699811.2702036,2.2595,2.26,2.259750
1758699811.5772967,2.2594,2.2595,2.259450
1758699811.8352423,2.2578,2.2583,2.258050
1758699812.0857735,2.2582,2.2583,2.258250
1758699812.3581262,2.2589,2.259,2.258950
1758699812.637843,2.259,2.2594,2.259200
1758699812.8890462,2.259,2.2599,2.259450
1758699813.1367562,2.2584,2.2594,2.258900
1758699813.4062502,2.2584,2.2592,2.258800
1758699813.6729627,2.2584,2.2588,2.258600
1758699813.9497733,2.2587,2.2589,2.258800
1758699814.2209954,2.2587,2.259,2.258850
1758699814.4848027,2.259,2.2591,2.259050
1758699814.7614667,2.259,2.2591,2.259050
1758699815.015045,2.259,2.2593,2.259150
1758699815.2696693,2.2592,2.2593,2.259250
1758699815.5240307,2.2589,2.2593,2.259100
1758699815.78124,2.2592,2.2593,2.259250
1758699816.036506,2.2592,2.2593,2.259250
1758699816.3430405,2.2592,2.2593,2.259250
1758699816.5550702,2.2592,2.2593,2.259250
1758699816.8255599,2.2595,2.2596,2.259550
1758699817.1342828,2.2599,2.26,2.259950
1758699817.3959928,2.2599,2.26,2.259950
1758699817.6557984,2.2599,2.26,2.259950
1758699817.9186509,2.2599,2.26,2.259950
1758699818.2100782,2.2599,2.26,2.259950
1758699818.4754581,2.2601,2.2605,2.260300
1758699818.7633026,2.2603,2.2604,2.260350
1758699819.0448701,2.2603,2.2604,2.260350
1758699819.3389404,2.26,2.2603,2.260150
1758699819.59619,2.2602,2.2605,2.260350
1758699819.8765695,2.2604,2.2605,2.260450
1758699820.1431775,2.2601,2.2605,2.260300
1758699820.3938372,2.2601,2.2605,2.260300
1758699820.6568384,2.2604,2.2605,2.260450
1758699820.9178627,2.2604,2.2605,2.260450
1758699821.185191,2.2606,2.2607,2.260650
1758699821.4478133,2.2608,2.2609,2.260850
1758699821.739291,2.2611,2.2617,2.261400
1758699821.993228,2.2617,2.2618,2.261750
1758699822.315665,2.2618,2.262,2.261900
1758699822.4995842,2.2618,2.2619,2.261850
1758699822.7553556,2.2618,2.2619,2.261850
1758699823.0067751,2.2615,2.2616,2.261550
1758699823.2598755,2.2612,2.262,2.261600
1758699823.5145104,2.262,2.2622,2.262100
1758699823.766408,2.2619,2.262,2.261950
1758699824.0270958,2.2619,2.262,2.261950
1758699824.2750947,2.2626,2.2627,2.262650
1758699824.5310628,2.2626,2.2627,2.262650
1758699824.8623323,2.2626,2.2627,2.262650
1758699825.1210814,2.2626,2.2627,2.262650
1758699825.4152343,2.2616,2.2626,2.262100
1758699825.6674256,2.2617,2.2625,2.262100
1758699825.921854,2.2617,2.2626,2.262150
1758699826.2177448,2.2625,2.2626,2.262550
1758699826.4770203,2.2625,2.2626,2.262550
1758699826.7368076,2.2618,2.2625,2.262150
1758699826.9928353,2.2615,2.2616,2.261550
1758699827.297267,2.2612,2.2616,2.261400
1758699827.5410101,2.2609,2.261,2.260950
1758699827.794546,2.261,2.2612,2.261100
1758699828.0825229,2.261,2.2611,2.261050
1758699828.3472762,2.2611,2.2612,2.261150
1758699828.6067111,2.2599,2.26,2.259950
1758699828.9038942,2.2599,2.26,2.259950
1758699829.1582687,2.2599,2.26,2.259950
1758699829.4171038,2.2599,2.26,2.259950
1758699829.7038867,2.2599,2.26,2.259950
1758699829.9566848,2.2595,2.26,2.259750
1758699830.2093883,2.2596,2.2597,2.259650
1758699830.4887836,2.2592,2.2593,2.259250
1758699830.748291,2.259,2.2594,2.259200
1758699831.007873,2.259,2.2594,2.259200
1758699831.276677,2.2591,2.2593,2.259200
1758699831.516532,2.2593,2.2597,2.259500
1758699831.7755017,2.2596,2.2597,2.259650
1758699832.0282116,2.259,2.2591,2.259050
1758699832.2817385,2.2589,2.2596,2.259250
1758699832.546068,2.2589,2.2595,2.259200
1758699832.8600116,2.259,2.2593,2.259150
1758699833.1192055,2.2586,2.2595,2.259050
1758699833.3745594,2.2586,2.259,2.258800
1758699833.645062,2.2586,2.2591,2.258850
1758699833.9017515,2.2587,2.2588,2.258750
1758699834.1763408,2.2577,2.2583,2.258000
1758699834.4301927,2.258,2.2581,2.258050
1758699834.6846902,2.2574,2.2579,2.257650
1758699834.936843,2.2574,2.2575,2.257450
1758699835.206171,2.2575,2.2576,2.257550
1758699835.4493456,2.2575,2.2576,2.257550
1758699835.7410882,2.2574,2.2575,2.257450
1758699835.9901845,2.2574,2.2575,2.257450
1758699836.2671092,2.2575,2.258,2.257750
1758699836.515289,2.2575,2.2582,2.257850
1758699836.7725418,2.2574,2.2579,2.257650
1758699837.0249665,2.2575,2.2576,2.257550
1758699837.3375747,2.2575,2.2576,2.257550
1758699837.62486,2.2569,2.2579,2.257400
1758699837.893797,2.2575,2.2578,2.257650
1758699838.1435401,2.2586,2.2596,2.259100
1758699838.3985188,2.259,2.2599,2.259450
1758699838.6650443,2.259,2.2596,2.259300
1758699838.9485471,2.2591,2.2596,2.259350
1758699839.2393942,2.259,2.2596,2.259300
1758699839.5053303,2.259,2.2596,2.259300
1758699839.8154557,2.259,2.2596,2.259300
1758699840.0838985,2.2591,2.2596,2.259350
1758699840.3523085,2.2592,2.2596,2.259400
1758699840.610199,2.2583,2.2589,2.258600
1758699840.8624942,2.2572,2.258,2.257600
1758699841.116408,2.2575,2.2581,2.257800
1758699841.3802562,2.26,2.2601,2.260050
1758699841.6338904,2.26,2.2601,2.260050
1758699841.9217227,2.26,2.2601,2.260050
1758699842.1830409,2.26,2.2601,2.260050
1758699842.443949,2.2601,2.2602,2.260150
1758699842.6951473,2.2601,2.2602,2.260150
1758699842.963305,2.2604,2.2605,2.260450
1758699843.2817273,2.2607,2.2608,2.260750
1758699843.5452027,2.2616,2.2623,2.261950
1758699843.8510687,2.2622,2.2623,2.262250
1758699844.1352391,2.2622,2.2623,2.262250
1758699844.4309373,2.2622,2.2623,2.262250
1758699844.700135,2.262,2.2622,2.262100
1758699844.950519,2.2619,2.2623,2.262100
1758699845.2027314,2.2618,2.2623,2.262050
1758699845.4737697,2.2619,2.2622,2.262050
1758699845.777941,2.2621,2.2622,2.262150
1758699846.0277712,2.2612,2.2618,2.261500
1758699846.3356392,2.2612,2.2613,2.261250
1758699846.564667,2.2608,2.2613,2.261050
1758699846.8291752,2.26,2.2615,2.260750
1758699847.099776,2.2601,2.2602,2.260150
1758699847.3513088,2.261,2.2613,2.261150
1758699847.608697,2.2612,2.2613,2.261250
1758699847.9303787,2.2612,2.2613,2.261250
1758699848.2503324,2.2612,2.2613,2.261250
1758699848.5212371,2.2613,2.2614,2.261350
1758699848.7830892,2.2614,2.262,2.261700
1758699849.032975,2.2617,2.262,2.261850
1758699849.381099,2.2612,2.262,2.261600
1758699849.593235,2.2617,2.2621,2.261900
1758699849.98618,2.2614,2.2621,2.261750
1758699850.2388434,2.2613,2.2617,2.261500
1758699850.5337949,2.2617,2.2618,2.261750
1758699850.795622,2.2614,2.2621,2.261750
1758699851.063452,2.2616,2.2626,2.262100
1758699851.31908,2.262,2.2626,2.262300
1758699851.5832608,2.2622,2.2625,2.262350
1758699851.838804,2.2623,2.2625,2.262400
1758699852.103321,2.262,2.2627,2.262350
1758699852.3568816,2.2619,2.2624,2.262150
1758699852.6132543,2.262,2.2623,2.262150
1758699852.8701718,2.262,2.2621,2.262050
1758699853.1430717,2.2613,2.2614,2.261350
1758699853.3979676,2.2609,2.2612,2.261050
1758699853.6756196,2.2609,2.261,2.260950
1758699853.9290643,2.26,2.2604,2.260200
1758699854.2164164,2.26,2.2602,2.260100
1758699854.4643826,2.2603,2.2609,2.260600
1758699854.7068894,2.2601,2.2604,2.260250
1758699854.9594805,2.2601,2.2607,2.260400
1758699855.324584,2.2611,2.2614,2.261250
1758699855.4846253,2.2613,2.2618,2.261550
1758699855.7893257,2.2621,2.2624,2.262250
1758699856.0385902,2.2625,2.2626,2.262550
1758699856.3216228,2.2625,2.2626,2.262550
1758699856.5790865,2.2623,2.2626,2.262450
1758699856.8293202,2.2626,2.2627,2.262650
1758699857.1555395,2.2627,2.2628,2.262750
1758699857.4334054,2.2624,2.2626,2.262500
1758699857.6855617,2.2623,2.2625,2.262400
1758699857.9800885,2.2625,2.2628,2.262650
1758699858.3429368,2.2626,2.2634,2.263000
1758699858.5969133,2.2632,2.2633,2.263250
1758699858.8554099,2.2632,2.2633,2.263250
1758699859.1464276,2.2632,2.2633,2.263250
1758699859.4026551,2.2626,2.2627,2.262650
1758699859.7959583,2.2608,2.2613,2.261050
1758699860.0637982,2.2602,2.2603,2.260250
1758699860.31735,2.2602,2.2609,2.260550
1758699860.5675042,2.2602,2.2603,2.260250
1758699860.9530683,2.2601,2.2608,2.260450
1758699861.2175488,2.2607,2.2608,2.260750
1758699861.467958,2.2617,2.2621,2.261900
1758699861.7223575,2.262,2.2621,2.262050
1758699861.9719734,2.262,2.2621,2.262050
1758699862.239889,2.2623,2.2626,2.262450
1758699862.5070436,2.264,2.2641,2.264050
1758699862.7579896,2.264,2.2641,2.264050
1758699863.014281,2.2642,2.2643,2.264250
1758699863.2859557,2.2621,2.263,2.262550
1758699863.5461886,2.259,2.2591,2.259050
1758699863.8145208,2.2591,2.2597,2.259400
1758699864.0667605,2.26,2.2604,2.260200
1758699864.3186824,2.2626,2.2627,2.262650
1758699864.5827935,2.2625,2.263,2.262750
1758699864.838006,2.2623,2.2625,2.262400
1758699865.2320085,2.2617,2.2618,2.261750
1758699865.4859633,2.2617,2.2618,2.261750
1758699865.742028,2.2617,2.2618,2.261750
1758699866.138782,2.2617,2.2618,2.261750
1758699866.3960533,2.2617,2.2621,2.261900
1758699866.6675608,2.2614,2.2622,2.261800
1758699866.923717,2.2621,2.2622,2.262150
1758699867.1763184,2.2615,2.2622,2.261850
1758699867.4415903,2.2618,2.2621,2.261950
1758699867.6921349,2.2619,2.262,2.261950
1758699867.9616675,2.2626,2.2627,2.262650
1758699868.3110027,2.2626,2.2631,2.262850
1758699868.6214886,2.2632,2.2633,2.263250
1758699868.9103627,2.2632,2.2633,2.263250
1758699869.185212,2.2632,2.2634,2.263300
1758699869.4368405,2.2633,2.2635,2.263400
1758699869.7045574,2.2631,2.2634,2.263250
1758699869.9569569,2.2634,2.2635,2.263450
1758699870.2651577,2.2627,2.2635,2.263100
1758699870.5027215,2.2629,2.2637,2.263300
1758699870.7764003,2.2624,2.2625,2.262450
1758699871.0493946,2.2622,2.2623,2.262250
1758699871.3034232,2.2615,2.2616,2.261550
1758699871.5517368,2.2607,2.2608,2.260750
1758699871.8373196,2.2607,2.2621,2.261400
1758699872.092793,2.2607,2.2621,2.261400
1758699872.3752205,2.2607,2.2608,2.260750
1758699872.6702979,2.2607,2.2608,2.260750
1758699872.918663,2.2605,2.2607,2.260600
1758699873.3080094,2.2607,2.261,2.260850
1758699873.5262358,2.2607,2.2614,2.261050
1758699873.7764063,2.2607,2.2609,2.260800
1758699874.0308156,2.2606,2.2609,2.260750
1758699874.2823067,2.2602,2.2608,2.260500
1758699874.5859609,2.2604,2.2607,2.260550
1758699874.9173164,2.2603,2.2606,2.260450
1758699875.289297,2.2584,2.2585,2.258450
1758699875.5402994,2.2584,2.2589,2.258650
1758699875.7940562,2.2581,2.2587,2.258400
1758699876.0514338,2.2584,2.2588,2.258600
1758699876.3849704,2.2581,2.259,2.258550
1758699876.6445632,2.2583,2.2587,2.258500
1758699876.8985643,2.2583,2.2584,2.258350
1758699877.2136168,2.2579,2.2584,2.258150
1758699877.4800673,2.2579,2.2588,2.258350
1758699877.741697,2.2576,2.258,2.257800
1758699877.9994159,2.2575,2.2579,2.257700
1758699878.2602496,2.2575,2.2577,2.257600
1758699878.6099288,2.2573,2.2579,2.257600
1758699878.8943355,2.2567,2.2568,2.256750
1758699879.1627066,2.2558,2.2563,2.256050
1758699879.4255831,2.2558,2.2559,2.255850
1758699879.7527165,2.2554,2.2555,2.255450
1758699880.0164695,2.2552,2.2554,2.255300
1758699880.3255975,2.2549,2.2553,2.255100
1758699880.5784442,2.255,2.2562,2.255600
1758699880.832359,2.2554,2.2567,2.256050
1758699881.0819595,2.2554,2.2563,2.255850
1758699881.3418036,2.2554,2.2563,2.255850
1758699881.5958352,2.255,2.256,2.255500
1758699881.8678796,2.255,2.2556,2.255300
1758699882.120067,2.2546,2.2555,2.255050
1758699882.3787353,2.2544,2.2553,2.254850
1758699882.6442971,2.2546,2.2553,2.254950
1758699882.900294,2.2544,2.2552,2.254800
1758699883.1664143,2.2542,2.2551,2.254650
1758699883.441802,2.2545,2.2551,2.254800
1758699883.7285373,2.2549,2.255,2.254950
1758699883.9863248,2.254,2.2548,2.254400
1758699884.250485,2.254,2.2545,2.254250
1758699884.500724,2.254,2.2541,2.254050
1758699884.7581177,2.254,2.2541,2.254050
1758699885.023323,2.254,2.2545,2.254250
1758699885.286359,2.254,2.2544,2.254200
1758699885.5466328,2.254,2.2546,2.254300
1758699885.8133783,2.254,2.2541,2.254050
1758699886.0806904,2.254,2.2543,2.254150
1758699886.3407042,2.2538,2.2547,2.254250
1758699886.589514,2.2541,2.2548,2.254450
1758699886.8473618,2.2544,2.255,2.254700
1758699887.108676,2.2543,2.2549,2.254600
1758699887.3669145,2.2545,2.2549,2.254700
1758699887.6284044,2.2549,2.2559,2.255400
1758699887.8763335,2.2554,2.2561,2.255750
1758699888.1512735,2.2555,2.256,2.255750
1758699888.441052,2.2556,2.2563,2.255950
1758699888.6945317,2.2558,2.256,2.255900
1758699888.973431,2.2559,2.256,2.255950
1758699889.22493,2.2559,2.2563,2.256100
1758699889.4782028,2.256,2.2562,2.256100
1758699889.7460322,2.2555,2.2557,2.255600
1758699890.0538988,2.2555,2.256,2.255750
1758699890.4410465,2.2556,2.256,2.255800
1758699890.692123,2.2556,2.2563,2.255950
1758699890.9610689,2.2556,2.2563,2.255950
1758699891.2869403,2.2557,2.2561,2.255900
1758699891.4955778,2.2555,2.2561,2.255800
1758699891.748891,2.2556,2.2563,2.255950
1758699892.0048466,2.2559,2.256,2.255950
1758699892.2615566,2.2563,2.2564,2.256350
1758699892.5162847,2.2568,2.257,2.256900
1758699892.7666717,2.2568,2.257,2.256900
1758699893.0940588,2.2564,2.2586,2.257500
1758699893.350122,2.2572,2.2573,2.257250
1758699893.6398635,2.2573,2.2577,2.257500
1758699893.8913887,2.2577,2.2587,2.258200
1758699894.154849,2.2581,2.2585,2.258300
1758699894.4289684,2.2581,2.2587,2.258400
1758699894.6961644,2.2582,2.2587,2.258450
1758699894.9582672,2.2582,2.2605,2.259350
1758699895.2286549,2.2593,2.2605,2.259900
1758699895.4692478,2.2594,2.2599,2.259650
1758699895.74953,2.2595,2.2596,2.259550
1758699896.109031,2.2594,2.2597,2.259550
1758699896.3699658,2.2593,2.2594,2.259350
1758699896.8680093,2.2591,2.2595,2.259300
1758699897.231457,2.259,2.2594,2.259200
1758699897.5318892,2.2594,2.2598,2.259600
1758699897.844095,2.2599,2.2605,2.260200
1758699898.1103444,2.261,2.2611,2.261050
1758699898.3805354,2.2611,2.2612,2.261150
1758699898.6348312,2.2617,2.2618,2.261750
1758699898.8914027,2.2618,2.262,2.261900
1758699899.1526775,2.2617,2.2618,2.261750
1758699899.4622116,2.2626,2.2632,2.262900
1758699899.7140152,2.2627,2.2631,2.262900
1758699899.9875216,2.263,2.2631,2.263050
1758699900.337529,2.2635,2.2636,2.263550
1758699900.5331123,2.2635,2.2641,2.263800
1758699900.7963903,2.2634,2.2639,2.263650
1758699901.0501022,2.2622,2.2623,2.262250
1758699901.3112497,2.2608,2.2618,2.261300
1758699901.5638046,2.2615,2.2616,2.261550
1758699901.8509593,2.2608,2.2609,2.260850
1758699902.1013322,2.2598,2.2609,2.260350
1758699902.3560598,2.2598,2.2609,2.260350
1758699902.6431465,2.2588,2.2595,2.259150
1758699902.8915744,2.2592,2.2593,2.259250
1758699903.151057,2.2592,2.2593,2.259250
1758699903.410011,2.2592,2.2598,2.259500
1758699903.66733,2.2592,2.2593,2.259250
1758699903.9581618,2.2588,2.2589,2.258850
1758699904.2205493,2.2587,2.2589,2.258800
1758699904.5416014,2.2582,2.2585,2.258350
1758699904.795415,2.2575,2.2582,2.257850
1758699905.0687299,2.2575,2.2581,2.257800
1758699905.3724968,2.2581,2.2582,2.258150
1758699905.6280587,2.2577,2.2587,2.258200
1758699905.8815646,2.258,2.2581,2.258050
1758699906.1386242,2.2578,2.2587,2.258250
1758699906.3935456,2.2582,2.2585,2.258350
1758699906.6657987,2.2581,2.2585,2.258300
1758699906.9322808,2.2581,2.2587,2.258400
1758699907.2199695,2.2581,2.2582,2.258150
1758699907.4443965,2.2578,2.2579,2.257850
1758699907.7417057,2.2571,2.2579,2.257500
1758699907.9977562,2.2572,2.2579,2.257550
1758699908.267397,2.2574,2.259,2.258200
1758699908.5173066,2.2573,2.2578,2.257550
1758699908.8020387,2.2581,2.259,2.258550
1758699909.0588744,2.2576,2.2583,2.257950
1758699909.330063,2.2576,2.2586,2.258100
1758699909.5855536,2.2576,2.2581,2.257850
1758699909.8512375,2.2576,2.2581,2.257850
1758699910.237322,2.2577,2.2582,2.257950
1758699910.4786594,2.2572,2.2578,2.257500
1758699910.7578247,2.2572,2.2576,2.257400
1758699911.007016,2.2568,2.2576,2.257200
1758699911.2592285,2.2564,2.257,2.256700
1758699911.5158541,2.2566,2.2576,2.257100
1758699911.7668853,2.2564,2.2569,2.256650
1758699912.0335038,2.2561,2.2572,2.256650
1758699912.3911018,2.2563,2.2571,2.256700
1758699912.556992,2.2562,2.257,2.256600
1758699912.8109145,2.2561,2.2569,2.256500
1758699913.089087,2.2561,2.2566,2.256350
1758699913.3993778,2.2561,2.2562,2.256150
1758699913.675417,2.2558,2.2561,2.255950
1758699913.9363317,2.2556,2.2557,2.255650
1758699914.217508,2.2556,2.2557,2.255650
1758699914.4846165,2.2556,2.2557,2.255650
1758699914.745514,2.2556,2.2557,2.255650
1758699915.061176,2.2556,2.2557,2.255650
1758699915.3356075,2.2549,2.2553,2.255100
1758699915.584811,2.2552,2.2556,2.255400
1758699915.855245,2.2553,2.2556,2.255450
1758699916.1094143,2.2551,2.2552,2.255150
1758699916.3631904,2.2556,2.2557,2.255650
1758699916.6224067,2.2546,2.2551,2.254850
1758699916.8749542,2.2538,2.2545,2.254150
1758699917.1533275,2.2535,2.2542,2.253850
1758699917.4123037,2.2535,2.2537,2.253600
1758699917.6760619,2.2535,2.2536,2.253550
1758699917.9444456,2.2525,2.2531,2.252800
1758699918.2226784,2.2523,2.2539,2.253100
1758699918.4496603,2.2523,2.2534,2.252850
1758699918.704236,2.2526,2.2527,2.252650
1758699918.9710379,2.2522,2.2525,2.252350
1758699919.2385478,2.2521,2.2522,2.252150
1758699919.5035,2.2521,2.2522,2.252150
1758699919.7584305,2.252,2.2521,2.252050
1758699920.0402036,2.2514,2.252,2.251700
1758699920.296987,2.2514,2.252,2.251700
1758699920.5793304,2.2514,2.2518,2.251600
1758699920.847262,2.2515,2.2516,2.251550
1758699921.1106255,2.2515,2.2526,2.252050
1758699921.4235773,2.2525,2.2531,2.252800
1758699921.7209816,2.2525,2.2533,2.252900
1758699921.9783762,2.2528,2.2529,2.252850
1758699922.2843647,2.2524,2.2526,2.252500
1758699922.542133,2.25,2.2504,2.250200
1758699922.7903438,2.2499,2.2501,2.250000
1758699923.0919647,2.2484,2.2486,2.248500
1758699923.3486488,2.2484,2.249,2.248700
1758699923.6000857,2.2485,2.2491,2.248800
1758699923.8545303,2.2488,2.25,2.249400
1758699924.1056235,2.2488,2.2489,2.248850
1758699924.3676784,2.2476,2.2479,2.247750
1758699924.6231089,2.2476,2.2496,2.248600
1758699924.8774316,2.2484,2.2496,2.249000
1758699925.1326675,2.2486,2.2493,2.248950
1758699925.4549153,2.2485,2.2498,2.249150
1758699925.7218359,2.2487,2.2494,2.249050
1758699925.9747295,2.2488,2.2491,2.248950
1758699926.252359,2.2488,2.249,2.248900
1758699926.5139055,2.2467,2.247,2.246850
1758699926.798949,2.2464,2.2472,2.246800
1758699927.0560865,2.2467,2.2468,2.246750
1758699927.4427285,2.2458,2.2459,2.245850
1758699927.6666057,2.2461,2.2481,2.247100
1758699928.0310264,2.2461,2.2469,2.246500
1758699928.3009512,2.2469,2.2478,2.247350
1758699928.5774364,2.2471,2.2476,2.247350
1758699928.834343,2.2477,2.2484,2.248050
1758699929.0846832,2.2475,2.2483,2.247900
1758699929.3432848,2.2475,2.2483,2.247900
1758699929.9660683,2.2475,2.2483,2.247900
1758699929.9669614,2.2472,2.2483,2.247750
1758699930.5214574,2.2475,2.2482,2.247850
1758699930.5280783,2.2473,2.248,2.247650
1758699931.120858,2.2474,2.2487,2.248050
1758699931.124338,2.2475,2.2487,2.248100
1758699931.6900315,2.2488,2.2496,2.249200
1758699931.7088418,2.2471,2.2472,2.247150
1758699931.7212234,2.2481,2.2495,2.248800
1758699932.2328725,2.2495,2.2499,2.249700
1758699932.253444,2.249,2.2491,2.249050
1758699932.8231723,2.2492,2.25,2.249600
1758699932.8320706,2.2493,2.2499,2.249600
1758699933.3088367,2.2498,2.2499,2.249850
1758699933.359279,2.2497,2.25,2.249850
1758699933.5630262,2.2509,2.251,2.250950
1758699933.8573601,2.253,2.2542,2.253600
1758699934.117703,2.254,2.2543,2.254150
1758699934.3847804,2.2552,2.2553,2.255250
1758699934.6520643,2.2554,2.2559,2.255650
1758699934.9160664,2.2563,2.2564,2.256350
1758699935.1692696,2.2572,2.2574,2.257300
1758699935.4386492,2.2573,2.2577,2.257500
1758699935.7024696,2.2572,2.2576,2.257400
1758699935.953182,2.2572,2.2575,2.257350
1758699936.3067272,2.2574,2.2575,2.257450
1758699936.4774806,2.2574,2.2575,2.257450
1758699936.7318015,2.2559,2.2567,2.256300
1758699936.9799323,2.2565,2.257,2.256750
1758699937.274173,2.2567,2.2572,2.256950
1758699937.4916039,2.2567,2.2568,2.256750
1758699937.763561,2.2566,2.2567,2.256650
1758699938.0355952,2.2575,2.2578,2.257650
1758699938.30069,2.258,2.2585,2.258250
1758699938.5497253,2.2577,2.258,2.257850
1758699938.8028445,2.2578,2.2579,2.257850
1758699939.08312,2.2581,2.259,2.258550
1758699939.3872807,2.2569,2.258,2.257450
1758699939.620885,2.2571,2.2579,2.257500
1758699939.8749764,2.2574,2.2579,2.257650
1758699940.1347232,2.2567,2.258,2.257350
1758699940.388653,2.2569,2.2575,2.257200
1758699940.6514592,2.2567,2.2569,2.256800
1758699940.902759,2.2567,2.2568,2.256750
1758699941.1548302,2.256,2.2566,2.256300
1758699941.4052885,2.2567,2.257,2.256850
1758699941.6616426,2.2567,2.2568,2.256750
1758699941.9211447,2.2567,2.2568,2.256750
1758699942.1773934,2.2567,2.2568,2.256750
1758699942.4295273,2.2567,2.2568,2.256750
1758699942.6908748,2.2567,2.2568,2.256750
1758699942.9507878,2.2567,2.2568,2.256750
1758699943.295704,2.2567,2.2568,2.256750
1758699943.5479057,2.2564,2.2568,2.256600
1758699943.8041975,2.2557,2.2564,2.256050
1758699944.0800273,2.2558,2.2561,2.255950
1758699944.3425329,2.256,2.2561,2.256050
1758699944.6012478,2.2554,2.2555,2.255450
1758699944.871223,2.2547,2.2548,2.254750
1758699945.1805062,2.2547,2.2548,2.254750
1758699945.433786,2.2549,2.2552,2.255050
1758699945.6964333,2.2548,2.2552,2.255000
1758699945.9518569,2.2547,2.2548,2.254750
1758699946.2314196,2.2547,2.2548,2.254750
1758699946.4867246,2.2547,2.2548,2.254750
1758699946.7802052,2.2557,2.2566,2.256150
1758699947.0302224,2.2557,2.2558,2.255750
1758699947.2977693,2.2557,2.2558,2.255750
1758699947.552913,2.2556,2.2566,2.256100
1758699947.8119507,2.2558,2.2559,2.255850
1758699948.0815985,2.2559,2.256,2.255950
1758699948.3941734,2.2559,2.2563,2.256100
1758699948.6500032,2.2559,2.256,2.255950
1758699948.904807,2.2559,2.256,2.255950
1758699949.248789,2.2558,2.2559,2.255850
1758699949.5009027,2.2558,2.2563,2.256050
1758699949.7526743,2.2557,2.2558,2.255750
1758699950.04755,2.2558,2.2562,2.256000
1758699950.297449,2.2562,2.2568,2.256500
1758699950.5554502,2.2566,2.2568,2.256700
1758699950.805783,2.2564,2.2568,2.256600
1758699951.0631626,2.2556,2.2567,2.256150
1758699951.3739426,2.2556,2.2567,2.256150
1758699951.567929,2.2559,2.2563,2.256100
1758699951.8386488,2.2559,2.256,2.255950
1758699952.3046248,2.2561,2.2564,2.256250
1758699952.5712059,2.2562,2.2566,2.256400
1758699952.8425457,2.2559,2.2562,2.256050
1758699953.164017,2.2564,2.2576,2.257000
1758699953.4160242,2.2569,2.2573,2.257100
1758699953.6726575,2.2567,2.2569,2.256800
1758699953.9400055,2.2557,2.257,2.256350
1758699954.3452206,2.2555,2.2568,2.256150
1758699954.49672,2.2555,2.2556,2.255550
1758699954.7519903,2.2559,2.2561,2.256000
1758699955.0017316,2.2558,2.2559,2.255850
1758699955.2639694,2.2558,2.2559,2.255850
1758699955.5348003,2.2553,2.2558,2.255550
1758699955.7898526,2.2554,2.2562,2.255800
1758699956.055383,2.2556,2.2562,2.255900
1758699956.311697,2.2557,2.2561,2.255900
1758699956.5650601,2.2553,2.2561,2.255700
1758699956.829884,2.2549,2.2559,2.255400
1758699957.1038163,2.2553,2.256,2.255650
1758699957.4330416,2.2548,2.2558,2.255300
1758699957.6883504,2.2552,2.2558,2.255500
1758699958.0068762,2.2548,2.2554,2.255100
1758699958.2761629,2.255,2.2554,2.255200
1758699958.6539474,2.2553,2.256,2.255650
1758699958.9372873,2.2555,2.2559,2.255700
1758699959.2022822,2.2556,2.2559,2.255750
1758699959.450142,2.2553,2.2558,2.255550
1758699959.7053132,2.2548,2.2556,2.255200
1758699959.961448,2.2552,2.2554,2.255300
1758699960.2880685,2.2552,2.2553,2.255250
1758699960.4922957,2.2552,2.2553,2.255250
1758699960.7548566,2.2548,2.2549,2.254850
1758699961.0327163,2.2542,2.2543,2.254250
1758699961.2958727,2.2537,2.2538,2.253750
1758699961.5454352,2.2537,2.2544,2.254050
1758699961.8058758,2.2543,2.2544,2.254350
1758699962.0551696,2.2543,2.2544,2.254350
1758699962.3279765,2.2543,2.2549,2.254600
1758699962.5845108,2.2543,2.2544,2.254350
1758699962.8423357,2.2537,2.2538,2.253750
1758699963.0979767,2.2537,2.2538,2.253750
1758699963.3563228,2.2537,2.2538,2.253750
1758699963.619026,2.2537,2.2538,2.253750
1758699963.8787043,2.2538,2.2542,2.254000
1758699964.1350553,2.2542,2.2543,2.254250
1758699964.4377537,2.2551,2.2552,2.255150
1758699964.7254245,2.2555,2.2558,2.255650
1758699964.9689136,2.2557,2.256,2.255850
1758699965.2270868,2.2555,2.2565,2.256000
1758699965.4770107,2.2553,2.2561,2.255700
1758699965.7372751,2.2555,2.2556,2.255550
1758699965.985992,2.255,2.2551,2.255050
1758699966.3085542,2.2552,2.2554,2.255300
1758699966.5310848,2.2544,2.2556,2.255000
1758699966.7812307,2.2554,2.2558,2.255600
1758699967.036137,2.2556,2.2557,2.255650
1758699967.29887,2.2557,2.2564,2.256050
1758699967.5788229,2.2563,2.2569,2.256600
1758699967.8406212,2.2564,2.2567,2.256550
1758699968.0948825,2.2567,2.2568,2.256750
1758699968.3581126,2.2564,2.257,2.256700
1758699968.609934,2.2566,2.2571,2.256850
1758699968.8686862,2.2567,2.2571,2.256900
1758699969.1568384,2.257,2.2571,2.257050
1758699969.4406123,2.257,2.2571,2.257050
1758699969.7756104,2.2568,2.2571,2.256950
1758699970.0289383,2.2569,2.2574,2.257150
1758699970.2838984,2.2565,2.2572,2.256850
1758699970.5453193,2.257,2.2571,2.257050
1758699970.7949896,2.2571,2.2574,2.257250
1758699971.0547335,2.2571,2.2576,2.257350
1758699971.3258326,2.2571,2.2576,2.257350
1758699971.5816176,2.2577,2.2584,2.258050
1758699971.8408315,2.2583,2.2592,2.258750
1758699972.1543205,2.2584,2.2592,2.258800
1758699972.4095523,2.2586,2.2592,2.258900
1758699972.6722562,2.2587,2.2592,2.258950
1758699972.9242527,2.2591,2.2592,2.259150
1758699973.1892729,2.2592,2.2598,2.259500
1758699973.4577072,2.2597,2.2598,2.259750
1758699973.7101686,2.2599,2.26,2.259950
1758699973.9614177,2.2596,2.26,2.259800
1758699974.2129762,2.2598,2.26,2.259900
1758699974.4653778,2.2597,2.2599,2.259800
1758699974.7153249,2.2599,2.26,2.259950
1758699974.9759443,2.2599,2.26,2.259950
1758699975.2558188,2.2599,2.26,2.259950
1758699975.4989712,2.2599,2.26,2.259950
1758699975.749989,2.2599,2.26,2.259950
1758699976.0157201,2.2599,2.26,2.259950
1758699976.2791824,2.2599,2.26,2.259950
1758699976.547941,2.2599,2.26,2.259950
1758699976.8152194,2.2599,2.26,2.259950
1758699977.0769095,2.2599,2.26,2.259950
1758699977.330833,2.2599,2.26,2.259950
1758699977.5885155,2.2599,2.26,2.259950
1758699977.878824,2.2599,2.26,2.259950
1758699978.0940185,2.2599,2.26,2.259950
1758699978.3462117,2.2599,2.26,2.259950
1758699978.6009278,2.2599,2.26,2.259950
1758699978.8617558,2.2599,2.26,2.259950
1758699979.1233625,2.2599,2.26,2.259950
1758699979.3720171,2.2599,2.26,2.259950
1758699979.6265824,2.2599,2.26,2.259950
1758699979.8786976,2.2599,2.26,2.259950
1758699980.1346996,2.2599,2.26,2.259950
1758699980.3958669,2.2599,2.26,2.259950
1758699980.6515849,2.2594,2.26,2.259700
1758699980.9096496,2.2596,2.26,2.259800
1758699981.1742241,2.2595,2.26,2.259750
1758699981.4249432,2.2595,2.2599,2.259700
1758699981.693385,2.2594,2.2599,2.259650
1758699982.028099,2.2595,2.2598,2.259650
1758699982.3763623,2.2595,2.2598,2.259650
1758699982.6422412,2.2595,2.2598,2.259650
1758699982.9174378,2.2595,2.2597,2.259600
1758699983.190368,2.2596,2.2597,2.259650
1758699983.461768,2.2596,2.2597,2.259650
1758699983.8830256,2.2596,2.2599,2.259750
1758699984.3068142,2.2596,2.2599,2.259750
1758699984.5565233,2.2591,2.2599,2.259500
1758699984.8085518,2.2596,2.2599,2.259750
1758699985.0824602,2.2596,2.2599,2.259750
1758699985.433581,2.2597,2.26,2.259850
1758699985.6878743,2.2599,2.26,2.259950
1758699985.9470122,2.2599,2.26,2.259950
1758699986.2340357,2.2599,2.26,2.259950
1758699986.4840078,2.2598,2.2599,2.259850
1758699986.743655,2.2597,2.2598,2.259750
1758699987.059854,2.2593,2.26,2.259650
1758699987.3785086,2.2593,2.26,2.259650
1758699987.7497191,2.2593,2.26,2.259650
1758699988.017763,2.2594,2.26,2.259700
1758699988.2990935,2.2586,2.2592,2.258900
1758699988.5543664,2.2586,2.2589,2.258750
1758699988.8145292,2.2583,2.2586,2.258450
1758699989.0747247,2.2572,2.2573,2.257250
1758699989.3364146,2.2572,2.2573,2.257250
1758699989.6135225,2.257,2.2571,2.257050
1758699989.883447,2.2568,2.2571,2.256950
1758699990.1747644,2.2564,2.2568,2.256600
1758699990.4370143,2.2558,2.2561,2.255950
1758699990.696851,2.2553,2.2554,2.255350
1758699990.9458797,2.2556,2.2559,2.255750
1758699991.2055302,2.2552,2.2561,2.255650
1758699991.4982822,2.2556,2.2561,2.255850
1758699991.7643354,2.2557,2.2561,2.255900
1758699992.011521,2.2557,2.2561,2.255900
1758699992.2916496,2.2554,2.256,2.255700
1758699992.5861652,2.2556,2.2568,2.256200
1758699992.837342,2.2556,2.2557,2.255650
1758699993.109262,2.2556,2.2557,2.255650
1758699993.35946,2.2558,2.2563,2.256050
1758699993.662446,2.2558,2.2559,2.255850
1758699993.9727697,2.2558,2.2562,2.256000
1758699994.3658414,2.2559,2.2562,2.256050
1758699994.6187923,2.2562,2.2567,2.256450
1758699994.9347868,2.2565,2.2566,2.256550
1758699995.207532,2.2565,2.2566,2.256550
1758699995.4727821,2.2566,2.2567,2.256650
1758699995.7595332,2.2569,2.257,2.256950
1758699996.015389,2.2569,2.257,2.256950
1758699996.3122594,2.2576,2.2587,2.258150
1758699996.5418935,2.2578,2.2586,2.258200
1758699996.8263128,2.2581,2.2582,2.258150
1758699997.1280634,2.2583,2.2586,2.258450
1758699997.3881884,2.2586,2.2587,2.258650
1758699997.6845553,2.2585,2.2593,2.258900
1758699997.938882,2.2585,2.2586,2.258550
1758699998.203001,2.259,2.2591,2.259050
1758699998.457497,2.259,2.2591,2.259050
1758699998.7329412,2.259,2.2594,2.259200
1758699999.0138862,2.2591,2.2597,2.259400
1758699999.3098905,2.2592,2.2593,2.259250
1758699999.5408573,2.2598,2.2599,2.259850
1758699999.79076,2.2598,2.2599,2.259850
1758700000.109215,2.2598,2.2599,2.259850
1758700000.488772,2.2598,2.2599,2.259850
1758700000.7862148,2.2599,2.26,2.259950
1758700001.041121,2.2599,2.26,2.259950
1758700001.3071103,2.2599,2.26,2.259950
1758700001.553847,2.2597,2.2598,2.259750
1758700001.8094623,2.2595,2.2597,2.259600
1758700002.066611,2.2593,2.2596,2.259450
1758700002.3170319,2.2601,2.2605,2.260300
1758700002.5810707,2.2601,2.2602,2.260150
1758700002.852633,2.26,2.2601,2.260050
1758700003.1512845,2.26,2.2601,2.260050
1758700003.4205234,2.26,2.2605,2.260250
1758700003.6748433,2.2604,2.2609,2.260650
1758700003.9243753,2.2608,2.2609,2.260850
1758700004.1783693,2.2608,2.2609,2.260850
1758700004.428491,2.2608,2.2609,2.260850
1758700004.6812,2.2609,2.2614,2.261150
1758700004.9349158,2.2602,2.2605,2.260350
1758700005.1851952,2.2609,2.2614,2.261150
1758700005.4523432,2.261,2.2614,2.261200
1758700005.6909149,2.2604,2.2605,2.260450
1758700005.9505274,2.2604,2.2605,2.260450
1758700006.2350256,2.2602,2.2605,2.260350
1758700006.4829335,2.26,2.2605,2.260250
1758700006.740379,2.26,2.2605,2.260250
1758700007.0038068,2.26,2.2604,2.260200
1758700007.3063874,2.2601,2.2608,2.260450
1758700007.5638497,2.2601,2.2608,2.260450
1758700007.8121734,2.2599,2.26,2.259950
1758700008.094723,2.2599,2.26,2.259950
1758700008.3496623,2.2599,2.26,2.259950
1758700008.6178842,2.2599,2.2604,2.260150
1758700008.8942807,2.2599,2.2601,2.260000
1758700009.146659,2.26,2.2604,2.260200
1758700009.3988266,2.2598,2.2603,2.260050
1758700009.6948411,2.2599,2.26,2.259950
1758700009.9435654,2.2592,2.26,2.259600
1758700010.2141125,2.2595,2.2603,2.259900
1758700010.500378,2.2599,2.2601,2.260000
1758700010.7609065,2.2592,2.26,2.259600
1758700011.0239658,2.2593,2.2604,2.259850
1758700011.3342144,2.2599,2.2603,2.260100
1758700011.6320114,2.2603,2.2604,2.260350
1758700011.8916526,2.2597,2.2604,2.260050
1758700012.1461947,2.2592,2.2604,2.259800
1758700012.403563,2.2593,2.2603,2.259800
1758700012.6639955,2.2595,2.2604,2.259950
1758700012.92058,2.2593,2.2604,2.259850
1758700013.1706095,2.2596,2.2604,2.260000
1758700013.4292517,2.2597,2.26,2.259850
1758700013.7025363,2.2592,2.26,2.259600
1758700013.9680207,2.2593,2.2598,2.259550
1758700014.3273785,2.2593,2.2598,2.259550
1758700014.5999339,2.2591,2.2597,2.259400
1758700014.864675,2.259,2.26,2.259500
1758700015.1205003,2.2593,2.2599,2.259600
1758700015.3909352,2.2594,2.2596,2.259500
1758700015.6605241,2.2596,2.2604,2.260000
1758700015.9310954,2.2597,2.2603,2.260000
1758700016.18379,2.2594,2.2604,2.259900
1758700016.467533,2.2596,2.2604,2.260000
1758700016.7038174,2.2596,2.26,2.259800
1758700016.95584,2.2592,2.2604,2.259800
1758700017.3431857,2.2593,2.2594,2.259350
1758700017.4959016,2.2587,2.2593,2.259000
1758700017.7885523,2.2599,2.26,2.259950
1758700018.1136537,2.2594,2.26,2.259700
1758700018.3711712,2.259,2.26,2.259500
1758700018.6694338,2.2583,2.2596,2.258950
1758700018.9299998,2.2592,2.2598,2.259500
1758700019.2786114,2.2596,2.2597,2.259650
1758700019.5922306,2.2596,2.2597,2.259650
1758700019.8441277,2.2598,2.2601,2.259950
1758700020.1022367,2.2603,2.2604,2.260350
1758700020.3800404,2.2604,2.2605,2.260450
1758700020.6352704,2.2604,2.2605,2.260450
1758700020.943653,2.2599,2.2606,2.260250
1758700021.2166307,2.2604,2.2605,2.260450
1758700021.4581847,2.2602,2.2608,2.260500
1758700021.7167196,2.2601,2.2602,2.260150
1758700022.1062837,2.2594,2.2601,2.259750
1758700022.3783548,2.2597,2.2603,2.260000
1758700022.6551714,2.2606,2.2609,2.260750
1758700022.9249878,2.2599,2.2606,2.260250
1758700023.1770885,2.2602,2.2611,2.260650
1758700023.4308875,2.2608,2.2609,2.260850
1758700023.6876802,2.261,2.2611,2.261050
1758700023.9762552,2.261,2.2611,2.261050
1758700024.2325232,2.261,2.2611,2.261050
1758700024.706436,2.2598,2.2605,2.260150
1758700024.9558926,2.2599,2.2603,2.260100
1758700025.2274015,2.2601,2.2609,2.260500
1758700025.4760876,2.2592,2.2604,2.259800
1758700025.7518559,2.2607,2.2608,2.260750
1758700026.0144207,2.2613,2.2614,2.261350
1758700026.3159118,2.2613,2.2614,2.261350
1758700026.5379448,2.2614,2.2615,2.261450
1758700026.7939255,2.2614,2.2618,2.261600
1758700027.0593758,2.2618,2.2619,2.261850
1758700027.3487797,2.2618,2.2619,2.261850
1758700027.6309862,2.2618,2.2619,2.261850
1758700027.8916137,2.2598,2.2599,2.259850
1758700028.1453598,2.2588,2.2603,2.259550
1758700028.3958461,2.2588,2.2589,2.258850
1758700028.6645217,2.2586,2.2597,2.259150
1758700028.9192297,2.2587,2.2588,2.258750
1758700029.311808,2.2586,2.2588,2.258700
1758700029.5066438,2.2584,2.2588,2.258600
1758700029.7783186,2.2585,2.2594,2.258950
1758700030.0286915,2.2586,2.2591,2.258850
1758700030.290898,2.2587,2.2598,2.259250
1758700030.5760012,2.2583,2.2588,2.258550
1758700030.8372388,2.2589,2.259,2.258950
1758700031.0931056,2.2589,2.259,2.258950
1758700031.3578157,2.259,2.2591,2.259050
1758700031.6238067,2.2589,2.2593,2.259100
1758700031.8735313,2.2591,2.26,2.259550
1758700032.1315875,2.2591,2.2601,2.259600
1758700032.4337397,2.2602,2.2604,2.260300
1758700032.6868515,2.2607,2.2608,2.260750
1758700032.9749844,2.2619,2.262,2.261950
1758700033.2677526,2.2619,2.262,2.261950
1758700033.5377758,2.2619,2.262,2.261950
1758700033.7900016,2.2619,2.262,2.261950
1758700034.044177,2.2619,2.262,2.261950
1758700034.3017511,2.2617,2.2618,2.261750
1758700034.5600061,2.2614,2.2615,2.261450
1758700034.9137647,2.2613,2.2617,2.261500
1758700035.1652477,2.2611,2.2617,2.261400
1758700035.478963,2.2611,2.2615,2.261300
1758700035.7103064,2.2611,2.2612,2.261150
1758700035.9810195,2.2611,2.2617,2.261400
1758700036.2563791,2.261,2.2616,2.261300
1758700036.583076,2.261,2.2614,2.261200
1758700036.8570936,2.261,2.2612,2.261100
1758700037.1348267,2.261,2.2611,2.261050
1758700037.450163,2.261,2.2611,2.261050
1758700037.7331176,2.2607,2.2608,2.260750
1758700038.132656,2.2607,2.2608,2.260750
1758700038.544373,2.26,2.2607,2.260350
1758700038.7943587,2.26,2.2601,2.260050
1758700039.0684462,2.2604,2.2609,2.260650
1758700039.3407984,2.2607,2.2608,2.260750
1758700039.5958688,2.2611,2.2613,2.261200
1758700039.8433847,2.2612,2.2613,2.261250
1758700040.1555388,2.2616,2.2622,2.261900
1758700040.4076316,2.2622,2.2623,2.262250
1758700040.6706007,2.2623,2.2624,2.262350
1758700040.9289572,2.2621,2.2622,2.262150
1758700041.3149343,2.2616,2.2617,2.261650
1758700041.4748714,2.2614,2.2617,2.261550
1758700041.7291162,2.2615,2.2616,2.261550
1758700041.9951851,2.2611,2.2612,2.261150
1758700042.3000937,2.2611,2.2612,2.261150
1758700042.565988,2.2609,2.2611,2.261000
1758700042.8222792,2.2608,2.2616,2.261200
1758700043.0933127,2.2612,2.2616,2.261400
1758700043.391474,2.2615,2.2616,2.261550
1758700043.6709843,2.2615,2.2618,2.261650
1758700043.956623,2.2614,2.2622,2.261800
1758700044.2593317,2.2615,2.2619,2.261700
1758700044.4729867,2.2621,2.2622,2.262150
1758700044.727872,2.262,2.2625,2.262250
1758700045.0028493,2.2624,2.2625,2.262450
1758700045.257578,2.2627,2.2628,2.262750
1758700045.5313811,2.2627,2.2628,2.262750
1758700045.7915611,2.2627,2.2628,2.262750
1758700046.05162,2.2628,2.2629,2.262850
1758700046.3166122,2.2627,2.2628,2.262750
1758700046.5625932,2.2624,2.2625,2.262450
1758700046.8151238,2.2625,2.2629,2.262700
1758700047.0803194,2.2624,2.2625,2.262450
1758700047.3593428,2.2624,2.2625,2.262450
1758700047.6229432,2.2626,2.263,2.262800
1758700047.8732455,2.2629,2.263,2.262950
1758700048.13415,2.2629,2.2631,2.263000
1758700048.3960295,2.2633,2.2634,2.263350
1758700048.664065,2.2639,2.264,2.263950
1758700048.9230237,2.2633,2.2639,2.263600
1758700049.2164898,2.2629,2.263,2.262950
1758700049.444702,2.2629,2.263,2.262950
1758700049.7663562,2.2629,2.2636,2.263250
1758700050.0217936,2.2635,2.2636,2.263550
1758700050.3487542,2.2635,2.2636,2.263550
1758700050.5497487,2.2635,2.2636,2.263550
1758700050.8160617,2.2635,2.2641,2.263800
1758700051.088296,2.2635,2.264,2.263750
1758700051.5173452,2.2637,2.2645,2.264100
1758700051.7701561,2.2643,2.2644,2.264350
1758700052.0224257,2.2643,2.2647,2.264500
1758700052.2866366,2.264,2.2647,2.264350
1758700052.5398235,2.264,2.2645,2.264250
1758700052.793584,2.264,2.2646,2.264300
1758700053.1073585,2.2641,2.2651,2.264600
1758700053.388227,2.2642,2.2651,2.264650
1758700053.645132,2.2646,2.2651,2.264850
1758700053.9100366,2.2648,2.2656,2.265200
1758700054.2249558,2.2655,2.2658,2.265650
1758700054.4678135,2.265,2.2659,2.265450
1758700054.7045922,2.2643,2.2653,2.264800
1758700054.9576466,2.2641,2.2646,2.264350
1758700055.2438529,2.264,2.2641,2.264050
1758700055.6108851,2.2624,2.2632,2.262800
1758700055.8732185,2.2624,2.2629,2.262650
1758700056.1479368,2.2625,2.2634,2.262950
1758700056.4265237,2.265,2.2651,2.265050
1758700056.6654272,2.265,2.2651,2.265050
1758700056.9238708,2.265,2.2652,2.265100
1758700057.3010435,2.2652,2.2653,2.265250
1758700057.5673316,2.2652,2.2653,2.265250
1758700057.898752,2.2652,2.2653,2.265250
1758700058.2445667,2.2653,2.2656,2.265450
1758700058.5236325,2.2653,2.2658,2.265550
1758700058.7882373,2.265,2.2656,2.265300
1758700059.0998278,2.265,2.2651,2.265050
1758700059.3870804,2.265,2.2652,2.265100
1758700059.6523688,2.265,2.2651,2.265050
1758700059.9728973,2.265,2.2653,2.265150
1758700060.316972,2.2647,2.2658,2.265250
1758700060.572002,2.2651,2.2656,2.265350
1758700060.8431523,2.2652,2.2655,2.265350
1758700061.1063228,2.2648,2.2655,2.265150
1758700061.3714302,2.2647,2.2654,2.265050
1758700061.626378,2.2651,2.2653,2.265200
1758700061.9280822,2.2651,2.2657,2.265400
1758700062.2371628,2.2644,2.2654,2.264900
1758700062.464716,2.2644,2.2649,2.264650
1758700062.7099109,2.2648,2.2649,2.264850
1758700063.0027068,2.2648,2.2649,2.264850
1758700063.253813,2.2648,2.2649,2.264850
1758700063.546266,2.2648,2.2649,2.264850
1758700063.80587,2.2645,2.2646,2.264550
1758700064.0957427,2.2645,2.2646,2.264550
1758700064.3779988,2.2641,2.2643,2.264200
1758700064.6573505,2.2641,2.2645,2.264300
1758700064.9133384,2.264,2.2647,2.264350
1758700065.1722324,2.2646,2.2647,2.264650
1758700065.4499059,2.2646,2.2647,2.264650
1758700065.7307968,2.2647,2.2649,2.264800
1758700065.995362,2.2644,2.2645,2.264450
1758700066.2486787,2.264,2.2647,2.264350
1758700066.5068958,2.2642,2.2648,2.264500
1758700066.8115737,2.2643,2.2645,2.264400
1758700067.074369,2.2644,2.2645,2.264450
1758700067.4044065,2.2644,2.2645,2.264450
1758700067.650995,2.2641,2.2645,2.264300
1758700068.217535,2.2639,2.2645,2.264200
1758700068.466032,2.2639,2.2645,2.264200
1758700068.7295141,2.2641,2.2645,2.264300
1758700068.9805045,2.2641,2.2645,2.264300
1758700069.2500489,2.2638,2.2643,2.264050
1758700069.500853,2.2638,2.2642,2.264000
1758700069.7707736,2.2638,2.2641,2.263950
1758700070.061736,2.264,2.2641,2.264050
1758700070.3155808,2.264,2.2645,2.264250
1758700070.6880605,2.2644,2.2645,2.264450
1758700070.9582443,2.2645,2.2646,2.264550
1758700071.207252,2.2648,2.2649,2.264850
1758700071.4653633,2.2648,2.2649,2.264850
1758700071.727099,2.265,2.2652,2.265100
1758700071.99081,2.2651,2.2652,2.265150
1758700072.242808,2.2651,2.2653,2.265200
1758700072.500714,2.2651,2.2654,2.265250
1758700072.754936,2.2651,2.2652,2.265150
1758700073.0195985,2.2653,2.2659,2.265600
1758700073.2745063,2.2658,2.2666,2.266200
1758700073.5225017,2.2659,2.2664,2.266150
1758700073.8541808,2.2662,2.2666,2.266400
1758700074.1032703,2.265,2.2651,2.265050
1758700074.3573174,2.2651,2.2652,2.265150
1758700074.624699,2.2651,2.2652,2.265150
1758700074.9193888,2.2658,2.2659,2.265850
1758700075.191531,2.2658,2.2665,2.266150
1758700075.5066357,2.2659,2.2665,2.266200
1758700075.9805784,2.2664,2.2665,2.266450
1758700076.3814843,2.2664,2.2665,2.266450
1758700076.6486852,2.2664,2.2666,2.266500
1758700076.9167218,2.2665,2.2666,2.266550
1758700077.2117598,2.2665,2.2666,2.266550
1758700077.4861162,2.2659,2.2666,2.266250
1758700077.7609868,2.2661,2.2664,2.266250
1758700078.0290494,2.2669,2.267,2.266950
1758700078.4087358,2.2663,2.2666,2.266450
1758700078.7322295,2.2662,2.2666,2.266400
1758700078.9908426,2.2666,2.267,2.266800
1758700079.251121,2.2669,2.2672,2.267050
1758700079.5087633,2.2669,2.2672,2.267050
1758700079.759016,2.267,2.2672,2.267100
1758700080.046654,2.2671,2.2672,2.267150
1758700080.3219285,2.2671,2.2675,2.267300
1758700080.5743737,2.2679,2.268,2.267950
1758700080.8297904,2.2679,2.268,2.267950
1758700081.0827837,2.2679,2.268,2.267950
1758700081.3390987,2.2679,2.268,2.267950
1758700081.6275537,2.2679,2.268,2.267950
1758700081.9136903,2.2679,2.268,2.267950
1758700082.1647995,2.268,2.2681,2.268050
1758700082.4192119,2.2685,2.2689,2.268700
1758700082.6899812,2.2688,2.2689,2.268850
1758700082.942981,2.2689,2.269,2.268950
1758700083.2375515,2.269,2.2691,2.269050
1758700083.5012631,2.269,2.2693,2.269150
1758700083.756227,2.269,2.2691,2.269050
1758700084.0469916,2.2692,2.2699,2.269550
1758700084.3567936,2.2691,2.2697,2.269400
1758700084.6136122,2.2693,2.27,2.269650
1758700084.9122286,2.2695,2.2696,2.269550
1758700085.167524,2.2691,2.2692,2.269150
1758700085.432443,2.2691,2.2698,2.269450
1758700085.685249,2.2694,2.2697,2.269550
1758700085.9364464,2.2694,2.2699,2.269650
1758700086.1879034,2.269,2.2699,2.269450
1758700086.4401515,2.2692,2.2699,2.269550
1758700086.7233922,2.2694,2.2695,2.269450
1758700086.9792032,2.269,2.2695,2.269250
1758700087.2335212,2.2693,2.27,2.269650
1758700087.50328,2.2699,2.27,2.269950
1758700087.8129582,2.2699,2.27,2.269950
1758700088.0919223,2.269,2.27,2.269500
1758700088.3578267,2.2691,2.2692,2.269150
1758700088.62977,2.2686,2.2695,2.269050
1758700088.8806539,2.2686,2.2695,2.269050
1758700089.13051,2.2686,2.2693,2.268950
1758700089.4497726,2.2689,2.27,2.269450
1758700089.76361,2.2692,2.2699,2.269550
1758700090.0152035,2.269,2.2702,2.269600
1758700090.3458152,2.2704,2.2705,2.270450
1758700090.602989,2.2688,2.2689,2.268850
1758700090.8663604,2.2699,2.27,2.269950
1758700091.1225185,2.2699,2.27,2.269950
1758700091.3888085,2.2699,2.27,2.269950
1758700091.6582344,2.2699,2.27,2.269950
1758700091.9735954,2.2699,2.27,2.269950
1758700092.279297,2.2699,2.27,2.269950
1758700092.5267925,2.2699,2.27,2.269950
1758700092.7897558,2.2699,2.27,2.269950
1758700093.0434756,2.2699,2.27,2.269950
1758700093.3022223,2.2695,2.2696,2.269550
1758700093.5513687,2.27,2.2705,2.270250
1758700093.811387,2.2708,2.2709,2.270850
1758700094.148661,2.271,2.2711,2.271050
1758700094.4033303,2.2716,2.2717,2.271650
1758700094.6637068,2.2716,2.2721,2.271850
1758700094.9216247,2.2717,2.2718,2.271750
1758700095.171485,2.2708,2.2711,2.270950
1758700095.4313538,2.2712,2.2725,2.271850
1758700095.6827602,2.2717,2.2723,2.272000
1758700095.995905,2.2717,2.2723,2.272000
1758700096.250821,2.2722,2.2724,2.272300
1758700096.501128,2.2717,2.2728,2.272250
1758700096.8067074,2.2719,2.2731,2.272500
1758700097.0741873,2.2746,2.2747,2.274650
1758700097.3998559,2.2769,2.277,2.276950
1758700097.655823,2.2769,2.277,2.276950
1758700097.949479,2.2765,2.277,2.276750
1758700098.2629046,2.2761,2.2765,2.276300
1758700098.508235,2.2775,2.2776,2.277550
1758700098.7897694,2.2757,2.2762,2.275950
1758700099.0405123,2.2757,2.2765,2.276100
1758700099.2938726,2.2757,2.2758,2.275750
1758700099.551275,2.2757,2.2758,2.275750
1758700099.8076847,2.2762,2.277,2.276600
1758700100.062347,2.2766,2.2767,2.276650
1758700100.3139114,2.2768,2.2769,2.276850
1758700100.7129261,2.2777,2.2782,2.277950
1758700100.9881938,2.2787,2.2788,2.278750
