unix_timestamp,bid,ask,mid
1758739034.7714846,2.2872,2.2874,2.287300
1758739040.840928,2.2872,2.2876,2.287400
1758739041.1411092,2.2873,2.2877,2.287500
1758739041.3976793,2.2874,2.2875,2.287450
1758739041.647463,2.2874,2.2876,2.287500
1758739041.9237778,2.2873,2.2877,2.287500
1758739042.206196,2.2873,2.2877,2.287500
1758739042.4864476,2.2873,2.2875,2.287400
1758739042.7454197,2.2872,2.2875,2.287350
1758739043.0069096,2.2869,2.2876,2.287250
1758739043.2619998,2.2871,2.2875,2.287300
1758739043.5098116,2.2872,2.2877,2.287450
1758739043.7656982,2.2873,2.2876,2.287450
1758739044.019945,2.2874,2.2877,2.287550
1758739044.3273265,2.2873,2.2877,2.287500
1758739044.5996368,2.2873,2.2877,2.287500
1758739044.8501754,2.2866,2.2867,2.286650
1758739045.2134283,2.2866,2.287,2.286800
1758739045.3724325,2.2866,2.2868,2.286700
1758739045.6069727,2.2864,2.2867,2.286550
1758739045.8568532,2.2864,2.2865,2.286450
1758739046.1281927,2.2864,2.2867,2.286550
1758739046.3666222,2.2864,2.287,2.286700
1758739046.621827,2.2866,2.287,2.286800
1758739046.9002607,2.2869,2.287,2.286950
1758739047.1486328,2.2871,2.2876,2.287350
1758739047.4032123,2.2871,2.2872,2.287150
1758739047.6584969,2.2865,2.2872,2.286850
1758739047.9101903,2.2868,2.287,2.286900
1758739048.2407339,2.2867,2.2871,2.286900
1758739048.414263,2.2867,2.2877,2.287200
1758739048.6640031,2.2872,2.2877,2.287450
1758739048.9355793,2.2872,2.2877,2.287450
1758739049.2299454,2.2865,2.2873,2.286900
1758739049.6223516,2.2865,2.2866,2.286550
1758739049.7816837,2.2862,2.2866,2.286400
1758739050.042537,2.2861,2.2865,2.286300
1758739050.2976182,2.286,2.2866,2.286300
1758739050.5624652,2.286,2.2866,2.286300
1758739050.817955,2.286,2.2864,2.286200
1758739051.2493174,2.286,2.2866,2.286300
1758739051.4663827,2.2862,2.2866,2.286400
1758739051.7415504,2.287,2.2876,2.287300
1758739052.0550394,2.2872,2.2874,2.287300
1758739052.425183,2.2858,2.2863,2.286050
1758739052.7439842,2.2858,2.2862,2.286000
1758739053.0868132,2.2856,2.2861,2.285850
1758739053.4064903,2.2855,2.2857,2.285600
1758739053.7188137,2.2855,2.2856,2.285550
1758739053.9730315,2.2852,2.2856,2.285400
1758739054.2709193,2.2848,2.2853,2.285050
1758739054.5846267,2.2834,2.2835,2.283450
1758739054.8761406,2.283,2.2831,2.283050
1758739055.1469417,2.283,2.2831,2.283050
1758739055.4839668,2.2823,2.2828,2.282550
1758739055.7877345,2.2818,2.2821,2.281950
1758739056.1154864,2.2814,2.2816,2.281500
1758739056.3698878,2.2814,2.2815,2.281450
1758739056.6174765,2.2814,2.2815,2.281450
1758739056.932685,2.2813,2.2815,2.281400
1758739057.2498834,2.2813,2.2814,2.281350
1758739057.449354,2.282,2.2821,2.282050
1758739057.72017,2.2823,2.2828,2.282550
1758739057.9680994,2.2822,2.2823,2.282250
1758739058.22077,2.2822,2.2823,2.282250
1758739058.4736688,2.2818,2.2825,2.282150
1758739058.7308016,2.2823,2.2826,2.282450
1758739058.9930527,2.2823,2.2827,2.282500
1758739059.2618802,2.2825,2.2826,2.282550
1758739059.6195552,2.2824,2.2829,2.282650
1758739059.971249,2.2824,2.2826,2.282500
1758739060.2307713,2.2817,2.283,2.282350
1758739060.4218922,2.2826,2.283,2.282800
1758739060.6723368,2.2827,2.2829,2.282800
1758739060.928948,2.2827,2.2829,2.282800
1758739061.1879017,2.283,2.2835,2.283250
1758739061.4459677,2.2831,2.2838,2.283450
1758739061.6976051,2.2832,2.2838,2.283500
1758739061.9546707,2.2834,2.2837,2.283550
1758739062.2074137,2.2831,2.2836,2.283350
1758739062.5413227,2.2832,2.2834,2.283300
1758739062.7127612,2.2829,2.2833,2.283100
1758739062.9656248,2.2834,2.2837,2.283550
1758739063.2677524,2.2834,2.2835,2.283450
1758739063.4638667,2.2834,2.2835,2.283450
1758739063.72347,2.2828,2.2837,2.283250
1758739063.9773536,2.2828,2.283,2.282900
1758739064.230083,2.2826,2.283,2.282800
1758739064.4873843,2.2829,2.283,2.282950
1758739064.7334597,2.2828,2.283,2.282900
1758739064.990198,2.2825,2.2828,2.282650
1758739065.2387807,2.2821,2.2825,2.282300
1758739065.490645,2.2821,2.2823,2.282200
1758739065.749044,2.2821,2.2827,2.282400
1758739065.9976716,2.2821,2.2825,2.282300
1758739066.2746522,2.282,2.2827,2.282350
1758739066.5025861,2.2823,2.2828,2.282550
1758739066.7551425,2.2817,2.282,2.281850
1758739067.0047615,2.2812,2.2818,2.281500
1758739067.2811348,2.2814,2.2819,2.281650
1758739067.5108058,2.2817,2.2818,2.281750
1758739067.765203,2.2813,2.2816,2.281450
1758739068.019724,2.2812,2.2815,2.281350
1758739068.2804015,2.2811,2.2815,2.281300
1758739068.5356057,2.2811,2.2812,2.281150
1758739068.7803338,2.281,2.2812,2.281100
1758739069.039389,2.281,2.2813,2.281150
1758739069.3310452,2.2814,2.2815,2.281450
1758739069.547423,2.2814,2.2815,2.281450
1758739069.8002422,2.2814,2.2815,2.281450
1758739070.0530894,2.2814,2.2815,2.281450
1758739070.3669627,2.281,2.2815,2.281250
1758739070.581099,2.281,2.2811,2.281050
1758739070.8352902,2.2806,2.281,2.280800
1758739071.1150572,2.2806,2.281,2.280800
1758739071.362063,2.2806,2.2809,2.280750
1758739071.6202683,2.2806,2.2809,2.280750
1758739071.8875318,2.2809,2.281,2.280950
1758739072.237082,2.2811,2.2812,2.281150
1758739072.422773,2.2819,2.282,2.281950
1758739072.6703234,2.2819,2.282,2.281950
1758739072.9271939,2.2819,2.282,2.281950
1758739073.1939392,2.2819,2.282,2.281950
1758739073.445631,2.2819,2.282,2.281950
1758739073.6952662,2.2819,2.282,2.281950
1758739074.0402079,2.2819,2.282,2.281950
1758739074.2122893,2.2819,2.282,2.281950
1758739074.4740853,2.2819,2.282,2.281950
1758739075.05074,2.2809,2.281,2.280950
1758739075.3320134,2.2809,2.281,2.280950
1758739075.602187,2.2814,2.2816,2.281500
1758739075.8649504,2.2809,2.2814,2.281150
1758739076.121183,2.2801,2.2806,2.280350
1758739076.3721197,2.28,2.2802,2.280100
1758739076.643942,2.28,2.2805,2.280250
1758739076.8955762,2.28,2.2801,2.280050
1758739077.1445446,2.28,2.2801,2.280050
1758739077.4115243,2.2783,2.28,2.279150
1758739077.6586983,2.2788,2.279,2.278900
1758739077.9078016,2.2787,2.279,2.278850
1758739078.1992555,2.2785,2.279,2.278750
1758739078.4133472,2.2784,2.2788,2.278600
1758739078.6685233,2.2782,2.2788,2.278500
1758739078.9181812,2.2784,2.2788,2.278600
1758739079.2131703,2.2781,2.2782,2.278150
1758739079.4668562,2.2781,2.2782,2.278150
1758739079.7354279,2.2781,2.2782,2.278150
1758739080.0074284,2.2778,2.2781,2.277950
1758739080.2632425,2.2778,2.278,2.277900
1758739080.507501,2.2778,2.278,2.277900
1758739080.7618384,2.2778,2.2782,2.278000
1758739081.2192261,2.2778,2.2779,2.277850
1758739081.3609066,2.2778,2.2782,2.278000
1758739081.6016362,2.2779,2.2785,2.278200
1758739081.8608072,2.2784,2.2792,2.278800
1758739082.11393,2.2786,2.2791,2.278850
1758739082.3643887,2.2786,2.2791,2.278850
1758739082.6371074,2.279,2.2794,2.279200
1758739082.8876598,2.2789,2.279,2.278950
1758739083.1402621,2.2789,2.279,2.278950
1758739083.3999834,2.2781,2.2782,2.278150
1758739083.6581297,2.2781,2.2786,2.278350
1758739083.9248106,2.2781,2.2782,2.278150
1758739084.2615466,2.2781,2.2782,2.278150
1758739084.4222314,2.2781,2.2782,2.278150
1758739084.6797538,2.278,2.2782,2.278100
1758739084.9267035,2.2778,2.2779,2.277850
1758739085.1849751,2.2778,2.2779,2.277850
1758739085.460161,2.2778,2.2779,2.277850
1758739085.880998,2.2768,2.2769,2.276850
1758739085.9899387,2.2768,2.2769,2.276850
1758739086.304992,2.2767,2.2768,2.276750
1758739086.5767717,2.2765,2.277,2.276750
1758739086.8369558,2.2765,2.2766,2.276550
1758739087.2256498,2.2763,2.2764,2.276350
1758739087.4070473,2.2761,2.2764,2.276250
1758739087.6016276,2.2753,2.2757,2.275500
1758739087.8529305,2.2751,2.2754,2.275250
1758739088.106105,2.2749,2.2751,2.275000
1758739088.365015,2.275,2.2755,2.275250
1758739088.6081765,2.2749,2.2755,2.275200
1758739088.855798,2.275,2.2754,2.275200
1758739089.1080086,2.2748,2.2754,2.275100
1758739089.3711355,2.275,2.2754,2.275200
1758739089.6293452,2.2748,2.2755,2.275150
1758739089.8921127,2.2751,2.2754,2.275250
1758739090.2542398,2.2751,2.2757,2.275400
1758739090.427067,2.2749,2.275,2.274950
1758739090.679426,2.2747,2.2752,2.274950
1758739090.9512982,2.2747,2.2748,2.274750
1758739091.1924615,2.2743,2.2744,2.274350
1758739091.4591887,2.2739,2.274,2.273950
1758739091.7074888,2.2735,2.2737,2.273600
1758739091.9947886,2.2735,2.2736,2.273550
1758739092.270848,2.273,2.2734,2.273200
1758739092.5271525,2.273,2.2732,2.273100
1758739092.7781844,2.2729,2.273,2.272950
1758739093.0300703,2.2725,2.2726,2.272550
1758739093.2813556,2.2725,2.2729,2.272700
1758739093.5347893,2.273,2.2735,2.273250
1758739093.7836125,2.2737,2.2738,2.273750
1758739094.033702,2.2741,2.2744,2.274250
1758739094.2896373,2.2733,2.2742,2.273750
1758739094.5634098,2.2733,2.2738,2.273550
1758739094.8132792,2.2737,2.2738,2.273750
1758739095.1339753,2.2736,2.274,2.273800
1758739095.3161426,2.2733,2.2739,2.273600
1758739095.5726063,2.2736,2.2737,2.273650
1758739095.8245308,2.2736,2.2737,2.273650
1758739096.10246,2.2735,2.274,2.273750
1758739096.3376744,2.2735,2.2742,2.273850
1758739096.6010222,2.2731,2.2739,2.273500
1758739096.85503,2.2732,2.2736,2.273400
1758739097.1400847,2.2735,2.2736,2.273550
1758739097.3962636,2.2735,2.2739,2.273700
1758739097.6605983,2.2738,2.2744,2.274100
1758739097.9571404,2.2739,2.2741,2.274000
1758739098.2996151,2.274,2.2743,2.274150
1758739098.6247818,2.2741,2.2749,2.274500
1758739098.9003036,2.2745,2.2746,2.274550
1758739099.30836,2.2743,2.2744,2.274350
1758739099.4443867,2.2743,2.2744,2.274350
1758739099.7429266,2.2741,2.2742,2.274150
1758739100.0262516,2.2741,2.2742,2.274150
1758739100.3254087,2.2741,2.2742,2.274150
1758739100.5803564,2.2734,2.2737,2.273550
1758739100.8283625,2.2736,2.2737,2.273650
1758739101.0969691,2.2736,2.2738,2.273700
1758739101.5238254,2.2737,2.2738,2.273750
1758739101.5926192,2.2736,2.2742,2.273900
1758739101.854987,2.2736,2.2743,2.273950
1758739102.3351328,2.2737,2.2739,2.273800
1758739102.3978748,2.2736,2.2737,2.273650
1758739102.6171474,2.2736,2.2737,2.273650
1758739102.919611,2.2728,2.2732,2.273000
1758739103.2453632,2.2727,2.2731,2.272900
1758739103.5031266,2.2723,2.2726,2.272450
1758739103.7757742,2.2724,2.2726,2.272500
1758739104.1297286,2.2723,2.2724,2.272350
1758739104.3738608,2.2723,2.2724,2.272350
1758739104.613728,2.2723,2.2724,2.272350
1758739104.8712533,2.2723,2.2724,2.272350
1758739105.2985454,2.2723,2.2729,2.272600
1758739105.4240952,2.2723,2.2724,2.272350
1758739105.6924465,2.2723,2.2724,2.272350
1758739105.9607127,2.2722,2.2723,2.272250
1758739106.2372017,2.2722,2.2723,2.272250
1758739106.5032947,2.2722,2.2723,2.272250
1758739106.7690954,2.2722,2.2723,2.272250
1758739107.0045283,2.2722,2.2723,2.272250
1758739107.2821481,2.2721,2.2722,2.272150
1758739107.534752,2.2721,2.2722,2.272150
1758739107.8090322,2.2721,2.2722,2.272150
1758739108.1792755,2.2721,2.2722,2.272150
1758739108.402315,2.2721,2.2722,2.272150
1758739108.646845,2.2721,2.2724,2.272250
1758739108.9166372,2.2721,2.2724,2.272250
1758739109.174915,2.2721,2.2722,2.272150
1758739109.4367123,2.2721,2.2722,2.272150
1758739109.7323987,2.2721,2.2724,2.272250
1758739110.1417756,2.2721,2.2724,2.272250
1758739110.3335373,2.2723,2.2724,2.272350
1758739110.6186574,2.2723,2.2726,2.272450
1758739110.8783617,2.2725,2.2726,2.272550
1758739111.3428068,2.2725,2.2726,2.272550
1758739111.4034488,2.2725,2.2726,2.272550
1758739111.6455688,2.2725,2.2728,2.272650
1758739111.905669,2.2726,2.2727,2.272650
1758739112.1600542,2.2725,2.2726,2.272550
1758739112.4143019,2.2725,2.2726,2.272550
1758739112.6710777,2.2725,2.2726,2.272550
1758739112.9231868,2.2725,2.2726,2.272550
1758739113.177159,2.2725,2.2726,2.272550
1758739113.4526763,2.2726,2.2727,2.272650
1758739113.7080264,2.2723,2.2727,2.272500
1758739113.9765244,2.2722,2.2723,2.272250
1758739114.355962,2.2722,2.2724,2.272300
1758739114.4902236,2.2723,2.2724,2.272350
1758739114.74318,2.2721,2.2722,2.272150
1758739114.9938867,2.2721,2.2724,2.272250
1758739115.261555,2.2721,2.2722,2.272150
1758739115.541109,2.2721,2.2722,2.272150
1758739115.849989,2.2721,2.2722,2.272150
1758739116.4347656,2.2721,2.2722,2.272150
1758739116.6834404,2.272,2.2721,2.272050
1758739116.9366262,2.272,2.2721,2.272050
1758739117.3560333,2.272,2.2721,2.272050
1758739117.6639993,2.272,2.2721,2.272050
1758739117.9257388,2.272,2.2721,2.272050
1758739118.1845472,2.2709,2.271,2.270950
1758739118.4350536,2.2709,2.271,2.270950
1758739118.6866283,2.2709,2.271,2.270950
1758739118.9491105,2.2707,2.2708,2.270750
1758739119.2079296,2.2704,2.2705,2.270450
1758739119.4499078,2.2704,2.2705,2.270450
1758739119.7065904,2.27,2.2701,2.270050
1758739120.029963,2.27,2.2701,2.270050
1758739120.306485,2.27,2.2702,2.270100
1758739120.5566444,2.2702,2.2705,2.270350
1758739120.8112342,2.2703,2.2705,2.270400
1758739121.1118221,2.2701,2.2702,2.270150
1758739121.3112755,2.2701,2.2702,2.270150
1758739121.5718288,2.27,2.2701,2.270050
1758739121.8423407,2.27,2.2701,2.270050
1758739122.0924213,2.27,2.2701,2.270050
1758739122.3714967,2.27,2.2701,2.270050
1758739122.60728,2.27,2.2701,2.270050
1758739122.864669,2.27,2.2701,2.270050
1758739123.277625,2.27,2.2701,2.270050
1758739123.406552,2.27,2.2703,2.270150
1758739123.659608,2.2702,2.2703,2.270250
1758739123.913198,2.2702,2.2703,2.270250
1758739124.1664243,2.2702,2.2706,2.270400
1758739124.4586747,2.2705,2.2706,2.270550
1758739124.7052736,2.2707,2.2708,2.270750
1758739124.9658687,2.2712,2.2715,2.271350
1758739125.2175994,2.2714,2.2715,2.271450
1758739125.4717102,2.2719,2.272,2.271950
1758739125.742134,2.2719,2.2721,2.272000
1758739125.9934034,2.272,2.2721,2.272050
1758739126.3667724,2.2714,2.2721,2.271750
1758739126.5004196,2.2714,2.2716,2.271500
1758739126.7561786,2.2714,2.2715,2.271450
1758739127.0106146,2.2703,2.2707,2.270500
1758739127.2634118,2.2704,2.2706,2.270500
1758739127.5742836,2.2704,2.2705,2.270450
1758739127.8303285,2.2704,2.2706,2.270500
1758739128.1038775,2.27,2.2705,2.270250
1758739128.3673618,2.27,2.2704,2.270200
1758739128.614392,2.27,2.2704,2.270200
1758739128.8671215,2.27,2.2704,2.270200
1758739129.2650392,2.27,2.2704,2.270200
1758739129.4021657,2.2701,2.2704,2.270250
1758739129.6666217,2.27,2.2704,2.270200
1758739129.9691775,2.2703,2.2704,2.270350
1758739130.2968912,2.2703,2.271,2.270650
1758739130.6078575,2.2704,2.2709,2.270650
1758739130.8617182,2.2708,2.2709,2.270850
1758739131.1451602,2.2708,2.271,2.270900
1758739131.4481473,2.271,2.2713,2.271150
1758739131.7487054,2.2706,2.2708,2.270700
1758739132.0287156,2.2707,2.2709,2.270800
1758739132.410483,2.2712,2.2713,2.271250
1758739132.5385695,2.2712,2.2713,2.271250
1758739132.8068392,2.2717,2.2718,2.271750
1758739133.1207676,2.2717,2.2718,2.271750
1758739133.336325,2.2717,2.2718,2.271750
1758739133.5883863,2.2709,2.2715,2.271200
1758739133.8577166,2.2708,2.2709,2.270850
1758739134.1467886,2.2708,2.2709,2.270850
1758739134.3971992,2.2706,2.2707,2.270650
1758739134.649175,2.2705,2.2706,2.270550
1758739134.9018233,2.2708,2.2709,2.270850
1758739135.3099134,2.2702,2.271,2.270600
1758739135.4184425,2.2704,2.2706,2.270500
1758739135.6745722,2.2705,2.2706,2.270550
1758739135.9425664,2.2705,2.2706,2.270550
1758739136.1921935,2.2712,2.2713,2.271250
1758739136.446801,2.2715,2.2716,2.271550
1758739136.736413,2.2715,2.2716,2.271550
1758739136.9934278,2.2715,2.2716,2.271550
1758739137.2422864,2.2715,2.2716,2.271550
1758739137.5035074,2.2719,2.272,2.271950
1758739137.7799106,2.2719,2.272,2.271950
1758739138.0495274,2.272,2.2721,2.272050
1758739138.3526523,2.272,2.2721,2.272050
1758739138.5524976,2.272,2.2721,2.272050
1758739138.8073583,2.272,2.2721,2.272050
1758739139.0625157,2.272,2.2721,2.272050
1758739139.313703,2.272,2.2721,2.272050
1758739139.5715215,2.272,2.2721,2.272050
1758739139.8270686,2.272,2.2721,2.272050
1758739140.1347327,2.272,2.2721,2.272050
1758739140.3676693,2.272,2.2721,2.272050
1758739140.608622,2.272,2.2721,2.272050
1758739140.8598437,2.272,2.2721,2.272050
1758739141.3525472,2.272,2.2721,2.272050
1758739141.452235,2.272,2.2721,2.272050
1758739141.7264132,2.272,2.2721,2.272050
1758739141.9705727,2.272,2.2721,2.272050
1758739142.2263844,2.2709,2.2711,2.271000
1758739142.5480194,2.271,2.2712,2.271100
1758739142.7315862,2.2711,2.2712,2.271150
1758739142.9966955,2.2712,2.2719,2.271550
1758739143.2799337,2.2715,2.2716,2.271550
1758739143.5035744,2.2715,2.2716,2.271550
1758739143.7576685,2.2716,2.2721,2.271850
1758739144.016196,2.2714,2.2717,2.271550
1758739144.3890204,2.272,2.2721,2.272050
1758739144.5347335,2.272,2.2721,2.272050
1758739144.785988,2.272,2.2721,2.272050
1758739145.1266243,2.2721,2.2722,2.272150
1758739145.3300552,2.2721,2.2722,2.272150
1758739145.588246,2.2721,2.2722,2.272150
1758739145.8836935,2.2723,2.2724,2.272350
1758739146.1592758,2.2725,2.2726,2.272550
1758739146.3870385,2.2725,2.2726,2.272550
1758739146.6364882,2.2729,2.273,2.272950
1758739146.909088,2.2729,2.273,2.272950
1758739147.3410954,2.2725,2.2726,2.272550
1758739147.419757,2.2716,2.2724,2.272000
1758739147.6938186,2.2716,2.2717,2.271650
1758739147.957096,2.2714,2.2719,2.271650
1758739148.2119372,2.2714,2.272,2.271700
1758739148.5142088,2.2714,2.2715,2.271450
1758739148.7268414,2.2714,2.2716,2.271500
1758739148.9797025,2.2712,2.2716,2.271400
1758739149.2304976,2.2722,2.2723,2.272250
1758739149.4807117,2.272,2.2727,2.272350
1758739149.7434618,2.272,2.2724,2.272200
1758739149.9955733,2.2721,2.2724,2.272250
1758739150.441728,2.2723,2.2724,2.272350
1758739150.5178921,2.2722,2.2724,2.272300
1758739150.7589114,2.2728,2.2729,2.272850
1758739151.0235035,2.2728,2.273,2.272900
1758739151.2743013,2.2729,2.273,2.272950
1758739151.535417,2.2729,2.273,2.272950
1758739151.782463,2.2729,2.273,2.272950
1758739152.0430176,2.2731,2.2732,2.273150
1758739152.2918904,2.2737,2.2738,2.273750
1758739152.5509362,2.2746,2.2747,2.274650
1758739152.803442,2.2746,2.2747,2.274650
1758739153.057502,2.2746,2.2747,2.274650
1758739153.3999827,2.2746,2.2747,2.274650
1758739153.5793529,2.2746,2.2747,2.274650
1758739153.8207178,2.2754,2.2755,2.275450
1758739154.1791792,2.2748,2.2752,2.275000
1758739154.322749,2.2755,2.2756,2.275550
1758739154.5843155,2.2757,2.276,2.275850
1758739154.866399,2.2756,2.2759,2.275750
1758739155.1765983,2.2746,2.2749,2.274750
1758739155.3889337,2.2722,2.2723,2.272250
1758739155.640668,2.2722,2.2723,2.272250
1758739155.8955927,2.2722,2.2723,2.272250
1758739156.3228352,2.2722,2.2724,2.272300
1758739156.4524097,2.2722,2.2723,2.272250
1758739156.653236,2.2722,2.2723,2.272250
1758739156.9097238,2.2722,2.2723,2.272250
1758739157.1757789,2.2722,2.2723,2.272250
1758739157.4376137,2.2722,2.2723,2.272250
1758739157.721856,2.2722,2.2723,2.272250
1758739157.9859955,2.2722,2.2723,2.272250
1758739158.2507174,2.2722,2.2723,2.272250
1758739158.507448,2.2722,2.2723,2.272250
1758739158.7565992,2.2721,2.2722,2.272150
1758739159.0420938,2.2721,2.2722,2.272150
1758739159.4590065,2.2721,2.2722,2.272150
1758739159.6329057,2.2721,2.2722,2.272150
1758739159.8831923,2.2721,2.2722,2.272150
1758739160.2045705,2.2721,2.2722,2.272150
1758739160.4524333,2.2721,2.2722,2.272150
1758739160.700079,2.2721,2.2724,2.272250
1758739160.9532187,2.2726,2.2731,2.272850
1758739161.205765,2.2728,2.2729,2.272850
1758739161.4620101,2.2728,2.2732,2.273000
1758739161.7069201,2.2728,2.2729,2.272850
1758739161.9763317,2.2728,2.2729,2.272850
1758739162.3525257,2.2724,2.2725,2.272450
1758739162.5826817,2.2722,2.2723,2.272250
1758739162.834721,2.2721,2.2723,2.272200
1758739163.1893542,2.2715,2.2718,2.271650
1758739163.442219,2.2714,2.2719,2.271650
1758739163.7078414,2.2715,2.2717,2.271600
1758739163.9909718,2.2725,2.2726,2.272550
1758739164.2533765,2.2724,2.2726,2.272500
1758739164.4929676,2.2724,2.2725,2.272450
1758739164.7553241,2.2724,2.2725,2.272450
1758739165.0036852,2.2724,2.2725,2.272450
1758739165.4108188,2.2724,2.2725,2.272450
1758739165.519395,2.2722,2.2725,2.272350
1758739165.768206,2.2724,2.2725,2.272450
1758739166.0217645,2.2725,2.2726,2.272550
1758739166.2700717,2.2729,2.2731,2.273000
1758739166.520536,2.273,2.2734,2.273200
1758739166.7735844,2.2729,2.2732,2.273050
1758739167.024085,2.2727,2.2731,2.272900
1758739167.275185,2.2728,2.273,2.272900
1758739167.534466,2.2727,2.2728,2.272750
1758739167.9014144,2.2733,2.2741,2.273700
1758739168.3318472,2.274,2.2749,2.274450
1758739168.6832294,2.2744,2.2748,2.274600
1758739168.9966068,2.275,2.2757,2.275350
1758739169.4844778,2.2756,2.2758,2.275700
1758739169.6202888,2.2759,2.2766,2.276250
1758739169.8888137,2.2768,2.2773,2.277050
1758739170.1739404,2.2773,2.2774,2.277350
1758739170.4056587,2.2772,2.2773,2.277250
1758739170.6578524,2.2766,2.2767,2.276650
1758739170.910664,2.2766,2.2767,2.276650
1758739171.4161065,2.2764,2.2766,2.276500
1758739171.513547,2.276,2.2761,2.276050
1758739171.766593,2.276,2.2762,2.276100
1758739172.0207982,2.2764,2.2765,2.276450
1758739172.2744799,2.2763,2.2765,2.276400
1758739172.526309,2.2764,2.2765,2.276450
1758739172.7775967,2.2765,2.2766,2.276550
1758739173.0368273,2.276,2.2762,2.276100
1758739173.294777,2.2752,2.2753,2.275250
1758739173.55605,2.275,2.2751,2.275050
1758739173.8110642,2.2749,2.275,2.274950
1758739174.0960767,2.2741,2.2747,2.274400
1758739174.386225,2.2736,2.2747,2.274150
1758739174.6545925,2.2733,2.2734,2.273350
1758739174.831713,2.2733,2.2734,2.273350
1758739175.143224,2.2733,2.2734,2.273350
1758739175.3311524,2.2737,2.2738,2.273750
1758739175.5821033,2.2737,2.2738,2.273750
1758739175.8490639,2.2736,2.2737,2.273650
1758739176.1055799,2.2737,2.2738,2.273750
1758739176.3913438,2.2736,2.2739,2.273750
1758739176.6136465,2.2736,2.2737,2.273650
1758739176.866265,2.2733,2.2734,2.273350
1758739177.3853366,2.2733,2.2734,2.273350
1758739177.4431446,2.2733,2.2734,2.273350
1758739177.6372068,2.2738,2.2739,2.273850
1758739177.8918273,2.2738,2.2739,2.273850
1758739178.1520138,2.2738,2.2745,2.274150
1758739178.397742,2.2744,2.2745,2.274450
1758739178.6620913,2.2747,2.2748,2.274750
1758739178.92708,2.2751,2.2752,2.275150
1758739179.1825047,2.2745,2.2755,2.275000
1758739179.4297597,2.2747,2.2748,2.274750
1758739179.8655913,2.2748,2.2749,2.274850
1758739179.9326842,2.275,2.2751,2.275050
1758739180.418359,2.275,2.2751,2.275050
1758739180.466982,2.2751,2.2752,2.275150
1758739180.7111633,2.2751,2.2752,2.275150
1758739180.964483,2.2751,2.2752,2.275150
1758739181.2166414,2.2751,2.2752,2.275150
1758739181.493975,2.2744,2.2751,2.274750
1758739181.752041,2.2745,2.2746,2.274550
1758739182.0234492,2.2737,2.2742,2.273950
1758739182.2866602,2.274,2.2741,2.274050
1758739182.527541,2.274,2.2741,2.274050
1758739182.7862985,2.2741,2.2747,2.274400
1758739183.036129,2.2741,2.2747,2.274400
1758739183.4068234,2.2737,2.2738,2.273750
1758739183.5610886,2.2738,2.2743,2.274050
1758739183.8155713,2.2738,2.2739,2.273850
1758739184.1649356,2.2736,2.2739,2.273750
1758739184.324814,2.2736,2.2739,2.273750
1758739184.576926,2.2735,2.2738,2.273650
1758739184.8251202,2.2735,2.2736,2.273550
1758739185.1354632,2.2735,2.2736,2.273550
1758739185.3688436,2.2733,2.2738,2.273550
1758739185.599935,2.2732,2.2738,2.273500
1758739185.8546855,2.2731,2.2732,2.273150
1758739186.3497958,2.2731,2.2732,2.273150
1758739186.4466584,2.2731,2.2732,2.273150
1758739186.68433,2.273,2.2732,2.273100
1758739186.94673,2.273,2.2732,2.273100
1758739187.2377126,2.273,2.2731,2.273050
1758739187.5025885,2.2725,2.2726,2.272550
1758739187.76822,2.2724,2.2725,2.272450
1758739188.1091344,2.2722,2.2723,2.272250
1758739188.3253112,2.2722,2.2723,2.272250
1758739188.6174715,2.2722,2.2723,2.272250
1758739188.9221773,2.2723,2.2724,2.272350
1758739189.437021,2.2723,2.2724,2.272350
1758739189.565774,2.2723,2.2726,2.272450
1758739189.895918,2.2725,2.2726,2.272550
1758739190.1986527,2.2745,2.2746,2.274550
1758739190.40691,2.2742,2.2746,2.274400
1758739190.688803,2.2736,2.2737,2.273650
1758739190.9430864,2.2743,2.2744,2.274350
1758739191.2031941,2.2741,2.2744,2.274250
1758739191.4918413,2.2741,2.2743,2.274200
1758739191.7191947,2.2748,2.275,2.274900
1758739191.9710164,2.2749,2.275,2.274950
1758739192.436369,2.275,2.2751,2.275050
1758739192.5190172,2.275,2.2751,2.275050
1758739192.8295293,2.275,2.2764,2.275700
1758739193.1784182,2.2758,2.2762,2.276000
1758739193.3338432,2.2758,2.276,2.275900
1758739193.5834455,2.2759,2.2764,2.276150
1758739193.8413563,2.2762,2.2763,2.276250
1758739194.1162765,2.2759,2.2761,2.276000
1758739194.4149697,2.2748,2.2749,2.274850
1758739194.6666918,2.2755,2.2756,2.275550
1758739195.0203183,2.2759,2.2764,2.276150
1758739195.4650593,2.2759,2.2761,2.276000
1758739195.548678,2.2759,2.276,2.275950
1758739195.8019905,2.2759,2.276,2.275950
1758739196.1565814,2.275,2.2753,2.275150
1758739196.3101366,2.274,2.2741,2.274050
1758739196.5603797,2.274,2.2741,2.274050
1758739196.814954,2.274,2.2741,2.274050
1758739197.0694132,2.274,2.2741,2.274050
1758739197.3286612,2.274,2.2741,2.274050
1758739197.6739888,2.2735,2.2738,2.273650
1758739197.97463,2.2735,2.2736,2.273550
1758739198.3832283,2.2734,2.2738,2.273600
1758739198.47014,2.2735,2.2737,2.273600
1758739198.7279744,2.2734,2.2736,2.273500
1758739198.9796953,2.2734,2.2735,2.273450
1758739199.3146722,2.2734,2.2736,2.273500
1758739199.568199,2.2735,2.274,2.273750
1758739199.8273122,2.2738,2.274,2.273900
1758739200.1586382,2.2738,2.2741,2.273950
1758739200.3750086,2.2738,2.2739,2.273850
1758739200.6827066,2.2734,2.2735,2.273450
1758739200.869629,2.2734,2.2735,2.273450
1758739201.3974888,2.2731,2.2734,2.273250
1758739201.5303516,2.273,2.2731,2.273050
1758739201.6870236,2.2729,2.2731,2.273000
1758739202.0247006,2.2727,2.273,2.272850
1758739202.2759883,2.2727,2.273,2.272850
1758739202.5430667,2.2727,2.2728,2.272750
1758739202.790106,2.2727,2.2728,2.272750
1758739203.113261,2.2727,2.2728,2.272750
1758739203.3760738,2.2727,2.2728,2.272750
1758739203.6391854,2.2727,2.2728,2.272750
1758739204.0080655,2.2725,2.2727,2.272600
1758739204.4622457,2.2725,2.2726,2.272550
1758739204.54197,2.2724,2.2725,2.272450
1758739204.816618,2.2729,2.2733,2.273100
1758739205.125619,2.274,2.2741,2.274050
1758739205.3304718,2.274,2.2741,2.274050
1758739205.5734625,2.274,2.2741,2.274050
1758739205.8949733,2.274,2.2741,2.274050
1758739206.13202,2.274,2.2741,2.274050
1758739206.376836,2.274,2.2741,2.274050
1758739206.6415596,2.2733,2.2734,2.273350
1758739206.9201665,2.2739,2.274,2.273950
1758739207.479128,2.2739,2.2741,2.274000
1758739207.5453608,2.2738,2.2739,2.273850
1758739207.703242,2.274,2.2741,2.274050
1758739207.9497921,2.2741,2.2742,2.274150
1758739208.2080355,2.2741,2.2742,2.274150
1758739208.4625394,2.2727,2.2728,2.272750
1758739208.7227478,2.2729,2.273,2.272950
1758739209.0235894,2.273,2.2731,2.273050
1758739209.3244288,2.2731,2.2732,2.273150
1758739209.6317017,2.2735,2.2736,2.273550
1758739209.8757493,2.2735,2.2736,2.273550
1758739210.4265215,2.2735,2.2736,2.273550
1758739210.4836898,2.2736,2.2737,2.273650
1758739210.656393,2.2736,2.2737,2.273650
1758739210.928135,2.2736,2.2737,2.273650
1758739211.1635327,2.2737,2.2738,2.273750
1758739211.4179072,2.2732,2.2738,2.273500
1758739211.6713889,2.2736,2.2738,2.273700
1758739211.923987,2.2737,2.2738,2.273750
1758739212.2027066,2.2737,2.2738,2.273750
1758739212.4529738,2.2734,2.2735,2.273450
1758739212.7053006,2.2734,2.2737,2.273550
1758739212.9617088,2.2735,2.2738,2.273650
1758739213.3455837,2.2736,2.2738,2.273700
1758739213.4827108,2.2737,2.2739,2.273800
1758739213.742694,2.2738,2.2739,2.273850
1758739213.9948146,2.2738,2.2739,2.273850
1758739214.2526972,2.2735,2.2736,2.273550
1758739214.5114515,2.2732,2.2733,2.273250
1758739214.75298,2.2732,2.2733,2.273250
1758739215.0063813,2.2734,2.2737,2.273550
1758739215.2568705,2.2733,2.2735,2.273400
1758739215.5199094,2.2731,2.2733,2.273200
1758739215.774475,2.2734,2.2737,2.273550
1758739216.026302,2.2738,2.2739,2.273850
1758739216.4794688,2.2738,2.2739,2.273850
1758739216.54503,2.2738,2.2739,2.273850
1758739216.831843,2.2738,2.2741,2.273950
1758739217.1703143,2.274,2.2741,2.274050
1758739217.3654068,2.274,2.2741,2.274050
1758739217.7050762,2.274,2.2741,2.274050
1758739217.9646559,2.274,2.2741,2.274050
1758739218.2339387,2.274,2.2742,2.274100
1758739218.5094295,2.2738,2.2741,2.273950
1758739218.765176,2.2736,2.2737,2.273650
1758739219.016633,2.2731,2.2738,2.273450
1758739219.4702396,2.2733,2.2737,2.273500
1758739219.5506117,2.2736,2.2742,2.273900
1758739219.8007953,2.2742,2.2743,2.274250
1758739220.1581032,2.2743,2.2744,2.274350
1758739220.3808513,2.2746,2.2749,2.274750
1758739220.6308837,2.2748,2.275,2.274900
1758739220.8819869,2.275,2.2751,2.275050
1758739221.233614,2.276,2.2763,2.276150
1758739221.6006343,2.2765,2.2766,2.276550
1758739221.742785,2.2765,2.2766,2.276550
1758739221.9948225,2.2765,2.2766,2.276550
1758739222.3594131,2.2765,2.2766,2.276550
1758739222.5415332,2.2765,2.2766,2.276550
1758739222.7920501,2.276,2.2761,2.276050
1758739223.0453918,2.275,2.2752,2.275100
1758739223.381757,2.2755,2.2759,2.275700
1758739223.6736476,2.2767,2.2768,2.276750
1758739223.9633596,2.2772,2.2773,2.277250
1758739224.2233238,2.279,2.2791,2.279050
1758739224.4689107,2.2792,2.2795,2.279350
1758739224.721555,2.2792,2.2796,2.279400
1758739224.9759505,2.2792,2.2793,2.279250
1758739225.3817487,2.2792,2.2793,2.279250
1758739225.4784076,2.2792,2.2793,2.279250
1758739225.7424934,2.2792,2.2793,2.279250
1758739226.027214,2.2792,2.2793,2.279250
1758739226.2772467,2.2793,2.2795,2.279400
1758739226.5284767,2.279,2.2792,2.279100
1758739226.8407881,2.2787,2.2792,2.278950
1758739227.0349815,2.2783,2.2787,2.278500
1758739227.2929335,2.2782,2.2787,2.278450
1758739227.6071308,2.2783,2.2784,2.278350
1758739227.885653,2.2782,2.2783,2.278250
1758739228.3763306,2.2782,2.2784,2.278300
1758739228.4526374,2.2773,2.2776,2.277450
1758739228.6661537,2.2775,2.2776,2.277550
1758739228.9186833,2.2771,2.2772,2.277150
1758739229.1679196,2.2774,2.2783,2.277850
1758739229.4210975,2.2784,2.2785,2.278450
1758739229.6816146,2.2779,2.278,2.277950
1758739229.9289916,2.2779,2.2782,2.278050
1758739230.2037654,2.2775,2.278,2.277750
1758739230.4985795,2.2771,2.2776,2.277350
1758739230.7656145,2.2771,2.2776,2.277350
1758739231.0116265,2.2775,2.2779,2.277700
1758739231.4165258,2.2782,2.2786,2.278400
1758739231.5285988,2.2783,2.2784,2.278350
1758739231.779581,2.2775,2.2783,2.277900
1758739232.103439,2.2773,2.2781,2.277700
1758739232.3667297,2.2767,2.2774,2.277050
1758739232.6189866,2.2771,2.2772,2.277150
1758739232.87164,2.2771,2.2772,2.277150
1758739233.1545432,2.2781,2.279,2.278550
1758739233.407711,2.2782,2.2788,2.278500
1758739233.659077,2.2779,2.2783,2.278100
1758739233.9491615,2.2771,2.2778,2.277450
1758739234.301997,2.2771,2.2773,2.277200
1758739234.4923112,2.2765,2.2771,2.276800
1758739234.7529545,2.2766,2.2769,2.276750
1758739234.9986308,2.2767,2.2768,2.276750
1758739235.2526498,2.2768,2.2769,2.276850
1758739235.545633,2.277,2.2771,2.277050
1758739235.8202038,2.2773,2.2777,2.277500
1758739236.178943,2.2776,2.2777,2.277650
1758739236.4550679,2.2777,2.2778,2.277750
1758739236.7362425,2.2779,2.278,2.277950
1758739236.9879465,2.2779,2.278,2.277950
1758739237.3898535,2.2779,2.278,2.277950
1758739237.502084,2.2771,2.2772,2.277150
1758739237.7534957,2.2774,2.2776,2.277500
1758739238.0114012,2.2773,2.2774,2.277350
1758739238.264541,2.2772,2.2773,2.277250
1758739238.5156348,2.2772,2.2773,2.277250
1758739238.8244119,2.2774,2.2775,2.277450
1758739239.1002514,2.2774,2.2776,2.277500
1758739239.3334737,2.2773,2.2776,2.277450
1758739239.6276755,2.2774,2.2776,2.277500
1758739239.9291475,2.2775,2.2776,2.277550
1758739240.3396068,2.2772,2.2773,2.277250
1758739240.4144027,2.2771,2.2772,2.277150
1758739240.6660414,2.2765,2.2766,2.276550
1758739240.9550204,2.2757,2.2764,2.276050
1758739241.2503192,2.2763,2.2765,2.276400
1758739241.5019872,2.2771,2.2772,2.277150
1758739241.7831488,2.2771,2.2772,2.277150
1758739242.0548196,2.2771,2.2773,2.277200
1758739242.4466133,2.2772,2.2773,2.277250
1758739242.7286377,2.2776,2.2786,2.278100
1758739243.1017394,2.2784,2.2785,2.278450
1758739243.3420255,2.2784,2.2786,2.278500
1758739243.5916243,2.2786,2.2794,2.279000
1758739243.859832,2.2794,2.2795,2.279450
1758739244.1701372,2.2793,2.2795,2.279400
1758739244.5271237,2.2788,2.2793,2.279050
1758739244.845988,2.2785,2.2786,2.278550
1758739245.162018,2.2791,2.2792,2.279150
1758739245.4815626,2.2791,2.2792,2.279150
1758739245.7465522,2.2785,2.2789,2.278700
1758739246.0364978,2.2784,2.2785,2.278450
1758739246.3749285,2.2778,2.2779,2.277850
1758739246.549533,2.2777,2.278,2.277850
1758739246.810215,2.2779,2.278,2.277950
1758739247.0533392,2.2779,2.278,2.277950
1758739247.3055828,2.2779,2.278,2.277950
1758739247.6572564,2.2771,2.2776,2.277350
1758739247.8189619,2.2776,2.2777,2.277650
1758739248.1230662,2.2778,2.2779,2.277850
1758739248.3670063,2.2782,2.2786,2.278400
1758739248.6321,2.2783,2.2786,2.278450
1758739248.9093945,2.2782,2.2787,2.278450
1758739249.3661804,2.2782,2.2783,2.278250
1758739249.4123905,2.277,2.2772,2.277100
1758739249.6555483,2.277,2.2771,2.277050
1758739249.910895,2.277,2.2771,2.277050
1758739250.1742868,2.2763,2.2765,2.276400
1758739250.433846,2.2763,2.2764,2.276350
1758739250.6879926,2.276,2.2763,2.276150
1758739250.936233,2.276,2.2761,2.276050
1758739251.186207,2.2756,2.2757,2.275650
1758739251.4923859,2.2756,2.276,2.275800
1758739251.742614,2.2765,2.2769,2.276700
1758739251.9963157,2.2767,2.2768,2.276750
1758739252.4086976,2.2767,2.2768,2.276750
1758739252.8668306,2.2767,2.2768,2.276750
1758739253.0461905,2.2767,2.2768,2.276750
1758739253.3022063,2.2768,2.2775,2.277150
1758739253.5534174,2.2774,2.2775,2.277450
1758739253.8077364,2.2771,2.2774,2.277250
1758739254.1167166,2.2771,2.2774,2.277250
1758739254.3428252,2.2765,2.277,2.276750
1758739254.5963423,2.2765,2.277,2.276750
1758739254.8537319,2.2771,2.2775,2.277300
1758739255.3416302,2.2773,2.2775,2.277400
1758739255.4486547,2.2774,2.2775,2.277450
1758739255.6009204,2.278,2.2781,2.278050
1758739255.8595657,2.2781,2.2782,2.278150
1758739256.164733,2.2782,2.2789,2.278550
1758739256.3795228,2.2784,2.2788,2.278600
1758739256.6218903,2.2785,2.2789,2.278700
1758739256.8736286,2.2785,2.2786,2.278550
1758739257.1292036,2.2788,2.2789,2.278850
1758739257.43904,2.2788,2.2789,2.278850
1758739257.6356366,2.2788,2.2789,2.278850
1758739258.183893,2.2788,2.2789,2.278850
1758739258.3538396,2.2788,2.2789,2.278850
1758739258.4026458,2.2788,2.2789,2.278850
1758739258.662118,2.2788,2.2789,2.278850
1758739258.9131155,2.2788,2.2789,2.278850
1758739259.1700425,2.2782,2.2783,2.278250
1758739259.420037,2.2778,2.2779,2.277850
1758739259.673293,2.2778,2.2779,2.277850
1758739259.9388728,2.2777,2.2778,2.277750
1758739260.2093382,2.2777,2.2778,2.277750
1758739260.4615211,2.2777,2.2778,2.277750
1758739260.730534,2.2777,2.2778,2.277750
1758739261.043804,2.2777,2.2778,2.277750
1758739261.3669598,2.2783,2.2786,2.278450
1758739261.5638063,2.2787,2.2788,2.278750
1758739261.84539,2.2787,2.2788,2.278750
1758739262.1543794,2.2789,2.279,2.278950
1758739262.392163,2.2793,2.2794,2.279350
1758739262.652383,2.2793,2.2796,2.279450
1758739262.9109588,2.2798,2.2799,2.279850
1758739263.1650875,2.2798,2.2799,2.279850
1758739263.6475606,2.2798,2.2799,2.279850
1758739263.6737292,2.2798,2.28,2.279900
1758739263.9305084,2.2798,2.2799,2.279850
1758739264.353778,2.2798,2.2799,2.279850
1758739264.4329777,2.2798,2.2799,2.279850
1758739264.688288,2.2798,2.2799,2.279850
1758739265.0488124,2.2798,2.2799,2.279850
1758739265.3417826,2.2799,2.28,2.279950
1758739265.6256156,2.2799,2.28,2.279950
1758739265.8814588,2.2798,2.2799,2.279850
1758739266.1494977,2.2798,2.28,2.279900
1758739266.3926098,2.2799,2.28,2.279950
1758739266.6571379,2.2799,2.28,2.279950
1758739266.912344,2.2799,2.28,2.279950
1758739267.342879,2.2797,2.2798,2.279750
1758739267.4491541,2.2785,2.2786,2.278550
1758739267.6948528,2.2785,2.2786,2.278550
1758739267.961455,2.2784,2.2787,2.278550
1758739268.2127366,2.2783,2.2784,2.278350
1758739268.4804277,2.2783,2.2784,2.278350
1758739268.8798687,2.2781,2.2782,2.278150
1758739269.0073297,2.2782,2.2783,2.278250
1758739269.2628005,2.278,2.2783,2.278150
1758739269.530992,2.2792,2.2794,2.279300
1758739269.7890081,2.2792,2.2793,2.279250
1758739270.0408804,2.2792,2.2795,2.279350
1758739270.4049866,2.2794,2.2795,2.279450
1758739270.5819814,2.2794,2.2795,2.279450
1758739270.830598,2.2794,2.2795,2.279450
1758739271.1512015,2.2785,2.2786,2.278550
1758739271.3993547,2.2785,2.2786,2.278550
1758739271.6597483,2.2781,2.2782,2.278150
1758739271.9813654,2.2777,2.2778,2.277750
1758739272.2325165,2.2777,2.2778,2.277750
1758739272.5506785,2.2777,2.2779,2.277800
1758739272.8032258,2.2778,2.2779,2.277850
1758739273.2087486,2.2777,2.278,2.277850
1758739273.4473965,2.2779,2.2789,2.278400
1758739273.687941,2.2783,2.2785,2.278400
1758739274.1064458,2.2784,2.2785,2.278450
1758739274.1979747,2.2784,2.2785,2.278450
1758739274.4567063,2.2789,2.279,2.278950
1758739274.7086728,2.2789,2.279,2.278950
1758739274.9611418,2.2797,2.2798,2.279750
1758739275.224485,2.2798,2.2799,2.279850
1758739275.4762628,2.2798,2.2799,2.279850
1758739275.7339272,2.2793,2.2798,2.279550
1758739275.9883695,2.2793,2.2794,2.279350
1758739276.3705325,2.2788,2.2794,2.279100
1758739276.4997096,2.2789,2.279,2.278950
1758739276.7484472,2.2786,2.2787,2.278650
1758739277.0187669,2.2783,2.2786,2.278450
1758739277.283537,2.2783,2.2786,2.278450
1758739277.5337853,2.2783,2.2784,2.278350
1758739277.7853305,2.2785,2.2786,2.278550
1758739278.0501888,2.2783,2.2786,2.278450
1758739278.3069937,2.2783,2.2786,2.278450
1758739278.57368,2.2785,2.2786,2.278550
1758739278.8442016,2.2783,2.2789,2.278600
1758739279.355115,2.2783,2.2787,2.278500
1758739279.4296582,2.2784,2.2786,2.278500
1758739279.612851,2.2783,2.2784,2.278350
1758739279.8869898,2.2783,2.2784,2.278350
1758739280.2150502,2.2781,2.2785,2.278300
1758739280.397718,2.2784,2.2785,2.278450
1758739280.655308,2.2781,2.2782,2.278150
1758739280.9284587,2.2781,2.2782,2.278150
1758739281.2235131,2.2781,2.2782,2.278150
1758739281.551214,2.2785,2.2786,2.278550
1758739281.8064842,2.2785,2.2786,2.278550
1758739282.1008317,2.2785,2.2786,2.278550
1758739282.3746784,2.2785,2.2786,2.278550
1758739282.604334,2.2785,2.2786,2.278550
1758739282.8557987,2.2785,2.2786,2.278550
1758739283.1571345,2.2785,2.2786,2.278550
1758739283.448158,2.2785,2.2786,2.278550
1758739283.6804755,2.2784,2.2785,2.278450
1758739283.9398508,2.2777,2.2778,2.277750
1758739284.216369,2.2777,2.2778,2.277750
1758739284.601441,2.2777,2.2778,2.277750
1758739284.7260313,2.2777,2.2778,2.277750
1758739285.0449736,2.2777,2.2778,2.277750
1758739285.41277,2.2777,2.2778,2.277750
1758739285.5630019,2.2777,2.2778,2.277750
1758739285.8173585,2.2777,2.2778,2.277750
1758739286.137959,2.2777,2.2778,2.277750
1758739286.377288,2.2777,2.2778,2.277750
1758739286.6065898,2.2777,2.2778,2.277750
1758739286.8552144,2.2777,2.2778,2.277750
1758739287.2390678,2.2777,2.2778,2.277750
1758739287.3808928,2.2777,2.2778,2.277750
1758739287.6374474,2.2777,2.2778,2.277750
1758739287.8899906,2.2777,2.2778,2.277750
1758739288.3931804,2.2777,2.2778,2.277750
1758739288.4450524,2.2777,2.2778,2.277750
1758739288.6946197,2.2777,2.2778,2.277750
1758739288.947173,2.2777,2.2778,2.277750
1758739289.1975832,2.2777,2.2778,2.277750
1758739289.4511225,2.2777,2.2778,2.277750
1758739289.699651,2.2777,2.2778,2.277750
1758739290.0019264,2.2777,2.2778,2.277750
1758739290.2385795,2.2777,2.2778,2.277750
1758739290.5282967,2.2777,2.2778,2.277750
1758739290.8052268,2.2777,2.2778,2.277750
1758739291.2279325,2.2777,2.2778,2.277750
1758739291.3820362,2.2777,2.2778,2.277750
1758739291.614738,2.2777,2.2778,2.277750
1758739291.9006755,2.2777,2.2778,2.277750
1758739292.1359837,2.2777,2.2778,2.277750
1758739292.4361012,2.2777,2.2778,2.277750
1758739292.6968892,2.2777,2.2778,2.277750
1758739292.9517045,2.2777,2.2778,2.277750
1758739293.200037,2.2777,2.2778,2.277750
1758739293.4562135,2.2777,2.2778,2.277750
1758739293.711218,2.2777,2.2778,2.277750
1758739293.9839282,2.2777,2.2778,2.277750
1758739294.312636,2.2777,2.2778,2.277750
1758739294.491454,2.2777,2.2778,2.277750
1758739294.7429802,2.2777,2.2778,2.277750
1758739295.1559713,2.2777,2.2778,2.277750
1758739295.5011113,2.2777,2.2778,2.277750
1758739295.7879837,2.2777,2.2778,2.277750
1758739296.0219333,2.2777,2.2778,2.277750
1758739296.2822483,2.2777,2.2778,2.277750
1758739296.5327885,2.2777,2.2778,2.277750
1758739296.7895868,2.2777,2.2778,2.277750
1758739297.0398142,2.2777,2.2778,2.277750
1758739297.3770967,2.2777,2.2778,2.277750
1758739297.602603,2.2777,2.2778,2.277750
1758739297.8543444,2.2777,2.2778,2.277750
1758739298.120402,2.2777,2.2778,2.277750
1758739298.3717883,2.2777,2.2778,2.277750
1758739298.6109848,2.2777,2.2778,2.277750
1758739298.8647072,2.2775,2.2778,2.277650
1758739299.1165373,2.2771,2.2773,2.277200
1758739299.3859937,2.277,2.2771,2.277050
1758739299.6399064,2.2763,2.2767,2.276500
1758739299.900037,2.2756,2.2761,2.275850
1758739300.4490213,2.2757,2.2758,2.275750
1758739300.4509313,2.2753,2.2755,2.275400
1758739300.6564581,2.2751,2.2752,2.275150
1758739300.9196,2.2748,2.2749,2.274850
1758739301.1829662,2.2735,2.2737,2.273600
1758739301.4423714,2.2735,2.2741,2.273800
1758739301.6916952,2.2739,2.2741,2.274000
1758739301.9426634,2.2735,2.2736,2.273550
1758739302.203105,2.274,2.2743,2.274150
1758739302.4488056,2.2742,2.2743,2.274250
1758739302.6991336,2.2748,2.2749,2.274850
1758739302.950986,2.2747,2.2749,2.274800
1758739303.365946,2.2738,2.2749,2.274350
1758739303.4615276,2.2745,2.2749,2.274700
1758739303.712572,2.2744,2.2749,2.274650
1758739303.965158,2.274,2.2748,2.274400
1758739304.2189116,2.2748,2.2749,2.274850
1758739304.4680212,2.2748,2.2749,2.274850
1758739304.7480044,2.2748,2.2749,2.274850
1758739305.091402,2.2748,2.2749,2.274850
1758739305.3302307,2.2748,2.2749,2.274850
1758739305.588657,2.2748,2.2749,2.274850
1758739305.86264,2.275,2.2751,2.275050
1758739306.432704,2.2752,2.2756,2.275400
1758739306.5052078,2.2752,2.2756,2.275400
1758739306.616576,2.2756,2.2757,2.275650
1758739306.8670144,2.2752,2.2757,2.275450
1758739307.1620798,2.2753,2.2757,2.275500
1758739307.3819056,2.2753,2.2759,2.275600
1758739307.6332567,2.2755,2.2759,2.275700
1758739307.9257889,2.2753,2.2758,2.275550
1758739308.134062,2.2753,2.2758,2.275550
1758739308.3891282,2.2757,2.2758,2.275750
1758739308.64164,2.2754,2.2759,2.275650
1758739308.8931735,2.2753,2.2754,2.275350
1758739309.3076499,2.2753,2.2754,2.275350
1758739309.458789,2.2754,2.276,2.275700
1758739309.7091746,2.2755,2.2756,2.275550
1758739309.9585931,2.2755,2.276,2.275750
1758739310.2366006,2.2755,2.2759,2.275700
1758739310.8034284,2.2755,2.2756,2.275550
1758739310.804151,2.2753,2.2758,2.275550
1758739311.0387714,2.2753,2.2757,2.275500
1758739311.2970634,2.2753,2.2757,2.275500
1758739311.5757818,2.2753,2.2754,2.275350
1758739311.9078085,2.2751,2.2754,2.275250
1758739312.2449033,2.2753,2.2754,2.275350
1758739312.5789714,2.2754,2.2755,2.275450
1758739312.8290296,2.2764,2.2769,2.276650
1758739313.1132846,2.2766,2.2768,2.276700
1758739313.3632438,2.2765,2.2766,2.276550
1758739313.614804,2.2767,2.2768,2.276750
1758739313.8760564,2.277,2.2771,2.277050
1758739314.1695054,2.277,2.2772,2.277100
1758739314.3710327,2.2771,2.2772,2.277150
1758739314.639948,2.2771,2.2772,2.277150
1758739314.890559,2.2771,2.2774,2.277250
1758739315.2486613,2.2781,2.2782,2.278150
1758739315.4033337,2.2781,2.2782,2.278150
1758739315.7025132,2.2784,2.2785,2.278450
1758739316.0612776,2.2795,2.2796,2.279550
1758739316.2476385,2.2799,2.28,2.279950
1758739316.49968,2.2799,2.28,2.279950
1758739316.756125,2.2799,2.28,2.279950
1758739317.0171614,2.2799,2.28,2.279950
1758739317.310692,2.2799,2.28,2.279950
1758739317.5325947,2.2799,2.28,2.279950
1758739317.7813618,2.2799,2.28,2.279950
1758739318.0307548,2.2799,2.28,2.279950
1758739318.4003804,2.2799,2.28,2.279950
1758739318.651566,2.2801,2.2802,2.280150
1758739318.9157403,2.2802,2.2803,2.280250
1758739319.1681728,2.2813,2.2814,2.281350
1758739319.4242086,2.2813,2.2814,2.281350
1758739319.6921906,2.2814,2.2815,2.281450
1758739319.9506226,2.282,2.2821,2.282050
1758739320.2178855,2.282,2.2821,2.282050
1758739320.4746706,2.282,2.2821,2.282050
1758739320.7292645,2.282,2.2822,2.282100
1758739320.9800267,2.2822,2.2823,2.282250
1758739321.3375916,2.2821,2.2824,2.282250
1758739321.5355635,2.2821,2.2822,2.282150
1758739321.820225,2.2818,2.2822,2.282000
1758739322.1156845,2.282,2.2822,2.282100
1758739322.3198736,2.2818,2.2821,2.281950
1758739322.5712159,2.2815,2.2819,2.281700
1758739322.8213851,2.2813,2.2814,2.281350
1758739323.0975623,2.2814,2.2815,2.281450
1758739323.3769646,2.281,2.2815,2.281250
1758739323.6536276,2.2809,2.2811,2.281000
1758739323.9049797,2.2801,2.2802,2.280150
1758739324.3028307,2.2802,2.2804,2.280300
1758739324.4661393,2.2802,2.2803,2.280250
1758739324.7578378,2.2801,2.2803,2.280200
1758739325.1357286,2.2799,2.2802,2.280050
1758739325.4635131,2.2799,2.2801,2.280000
1758739325.7312198,2.2797,2.2798,2.279750
1758739326.110462,2.2794,2.2798,2.279600
1758739326.561606,2.2797,2.2798,2.279750
1758739326.66448,2.2794,2.2796,2.279500
1758739327.120123,2.2796,2.2798,2.279700
1758739327.4079082,2.2799,2.28,2.279950
1758739327.6703594,2.2794,2.2795,2.279450
1758739327.975294,2.2796,2.2798,2.279700
1758739328.2679574,2.2788,2.2796,2.279200
1758739328.5367458,2.2783,2.279,2.278650
1758739328.834195,2.2781,2.2782,2.278150
1758739329.1199508,2.2781,2.2782,2.278150
1758739329.4024813,2.2778,2.2779,2.277850
1758739329.721072,2.2778,2.278,2.277900
1758739330.0263138,2.2778,2.2779,2.277850
1758739330.3038805,2.2777,2.278,2.277850
1758739330.6053243,2.2778,2.278,2.277900
1758739330.941628,2.2777,2.2779,2.277800
1758739331.200055,2.2777,2.2778,2.277750
1758739331.476625,2.2775,2.2776,2.277550
1758739331.8550518,2.2775,2.2776,2.277550
1758739332.1539507,2.2774,2.2775,2.277450
1758739332.4493744,2.2772,2.2774,2.277300
1758739332.7515645,2.277,2.2771,2.277050
1758739333.0082598,2.2767,2.2768,2.276750
1758739333.3773444,2.2766,2.2767,2.276650
1758739333.631678,2.2762,2.2764,2.276300
1758739333.8926582,2.276,2.2763,2.276150
1758739334.1478076,2.2747,2.2757,2.275200
1758739334.4014258,2.2747,2.2748,2.274750
1758739334.6563435,2.2748,2.2749,2.274850
1758739334.9167485,2.2748,2.2749,2.274850
1758739335.1700354,2.2748,2.2749,2.274850
1758739335.4199066,2.2747,2.2748,2.274750
1758739335.6774564,2.2747,2.2748,2.274750
1758739335.925713,2.2747,2.2748,2.274750
1758739336.2894409,2.2747,2.2748,2.274750
1758739336.4970815,2.2746,2.2747,2.274650
1758739336.7723227,2.2748,2.2749,2.274850
1758739337.1428566,2.2747,2.2748,2.274750
1758739337.37047,2.2747,2.2749,2.274800
1758739337.7144594,2.2748,2.2749,2.274850
1758739338.1014187,2.2748,2.2749,2.274850
1758739338.37144,2.2748,2.2749,2.274850
1758739338.6355813,2.2747,2.2754,2.275050
1758739338.9010627,2.2752,2.2753,2.275250
1758739339.307078,2.2752,2.2754,2.275300
1758739339.4192188,2.2748,2.2754,2.275100
1758739339.6774306,2.2752,2.2753,2.275250
1758739339.9315443,2.2756,2.2757,2.275650
1758739340.1919472,2.2756,2.2757,2.275650
1758739340.4930558,2.2754,2.2755,2.275450
1758739340.7458212,2.2747,2.2748,2.274750
1758739340.999991,2.2747,2.2748,2.274750
1758739341.3648226,2.2747,2.2748,2.274750
1758739341.6207972,2.274,2.2742,2.274100
1758739341.8920822,2.2736,2.2741,2.273850
1758739342.307439,2.273,2.2731,2.273050
1758739342.4165468,2.2722,2.2723,2.272250
1758739342.668376,2.2724,2.2725,2.272450
1758739342.9191267,2.2728,2.2731,2.272950
1758739343.175918,2.273,2.2731,2.273050
1758739343.4460409,2.273,2.2731,2.273050
1758739343.7043793,2.2739,2.274,2.273950
1758739343.9580119,2.2739,2.274,2.273950
1758739344.2210321,2.2739,2.274,2.273950
1758739344.470659,2.2739,2.274,2.273950
1758739344.7219596,2.2739,2.274,2.273950
1758739344.9957638,2.2739,2.274,2.273950
1758739345.3427749,2.274,2.2741,2.274050
1758739345.5312965,2.2747,2.2748,2.274750
1758739345.8141696,2.275,2.2751,2.275050
1758739346.2217455,2.2753,2.2754,2.275350
1758739346.3334856,2.2757,2.2759,2.275800
1758739346.5733407,2.2758,2.2759,2.275850
1758739346.8435285,2.2761,2.2766,2.276350
1758739347.118352,2.2765,2.2766,2.276550
1758739347.4620004,2.2765,2.2766,2.276550
1758739347.636684,2.2762,2.2766,2.276400
1758739347.920507,2.2765,2.2766,2.276550
1758739348.334127,2.2756,2.2766,2.276100
1758739348.4449399,2.2758,2.2762,2.276000
1758739348.7155504,2.2761,2.2762,2.276150
1758739348.9994547,2.2761,2.2762,2.276150
1758739349.2506588,2.276,2.2761,2.276050
1758739349.5360339,2.2758,2.2761,2.275950
1758739349.78731,2.2751,2.2755,2.275300
1758739350.0387216,2.275,2.2752,2.275100
1758739350.3160484,2.275,2.2751,2.275050
1758739350.5522597,2.275,2.2751,2.275050
1758739350.8069031,2.275,2.2754,2.275200
1758739351.0571032,2.2753,2.2755,2.275400
1758739351.3463402,2.275,2.2754,2.275200
1758739351.655994,2.2754,2.2756,2.275500
1758739351.8530962,2.275,2.2755,2.275250
1758739352.1411595,2.2754,2.2755,2.275450
1758739352.3416991,2.2755,2.2756,2.275550
1758739352.7130601,2.2755,2.2756,2.275550
1758739352.844227,2.2755,2.2756,2.275550
1758739353.1001487,2.2757,2.276,2.275850
1758739353.3462033,2.2757,2.2759,2.275800
1758739353.6966925,2.2759,2.276,2.275950
1758739354.0041332,2.2758,2.2759,2.275850
1758739354.3844254,2.2754,2.2758,2.275600
1758739354.5379572,2.2752,2.2753,2.275250
1758739354.8033767,2.2753,2.2754,2.275350
1758739355.1203914,2.2749,2.2753,2.275100
1758739355.312094,2.2749,2.275,2.274950
1758739355.5726225,2.2749,2.275,2.274950
1758739355.8294477,2.2749,2.275,2.274950
1758739356.1569347,2.2748,2.275,2.274900
1758739356.368685,2.2748,2.275,2.274900
1758739356.608222,2.2744,2.2749,2.274650
1758739356.86339,2.2743,2.2746,2.274450
1758739357.301929,2.2745,2.2749,2.274700
1758739357.3781092,2.2748,2.2749,2.274850
1758739357.6328545,2.275,2.2751,2.275050
1758739357.963926,2.2751,2.2755,2.275300
1758739358.2039924,2.2757,2.2758,2.275750
1758739358.453115,2.2761,2.2762,2.276150
1758739358.7172282,2.2761,2.2762,2.276150
1758739358.969046,2.2761,2.2762,2.276150
1758739359.2247653,2.2761,2.2762,2.276150
1758739359.6170313,2.2761,2.2762,2.276150
1758739359.902955,2.2761,2.2762,2.276150
1758739360.3179963,2.2751,2.2755,2.275300
1758739360.4108298,2.2752,2.2755,2.275350
1758739360.65508,2.2752,2.2754,2.275300
1758739360.9074,2.2754,2.2755,2.275450
1758739361.1580527,2.2754,2.2755,2.275450
1758739361.419943,2.2754,2.2755,2.275450
1758739361.6729858,2.2754,2.2755,2.275450
1758739361.9261708,2.2754,2.2755,2.275450
1758739362.183666,2.2754,2.2755,2.275450
1758739362.424725,2.2754,2.2755,2.275450
1758739362.6811185,2.2754,2.2756,2.275500
1758739362.9377036,2.2754,2.2757,2.275550
1758739363.3391194,2.2754,2.2755,2.275450
1758739363.4472277,2.2754,2.2757,2.275550
1758739363.6992705,2.2756,2.2757,2.275650
1758739363.9488797,2.2756,2.2757,2.275650
1758739364.2053251,2.2756,2.2761,2.275850
1758739364.4554412,2.276,2.2761,2.276050
1758739364.7057066,2.2762,2.2763,2.276250
1758739364.9695172,2.2764,2.2765,2.276450
1758739365.2122922,2.2771,2.2772,2.277150
1758739365.4776664,2.2777,2.2778,2.277750
1758739365.7419379,2.2777,2.278,2.277850
1758739365.994221,2.2779,2.278,2.277950
1758739366.3613188,2.278,2.2781,2.278050
1758739366.5143318,2.278,2.2781,2.278050
1758739366.799557,2.278,2.2781,2.278050
1758739367.1704528,2.278,2.2781,2.278050
1758739367.392589,2.2779,2.2781,2.278000
1758739367.6702697,2.2776,2.2777,2.277650
1758739367.926959,2.2776,2.2777,2.277650
1758739368.4206026,2.2776,2.2777,2.277650
1758739368.4731364,2.2778,2.2779,2.277850
1758739368.7078965,2.2778,2.2786,2.278200
1758739368.961243,2.2785,2.2786,2.278550
1758739369.3276997,2.2785,2.2786,2.278550
1758739369.5129113,2.2784,2.2785,2.278450
1758739369.7641904,2.2784,2.2787,2.278550
1758739370.01445,2.2784,2.2787,2.278550
1758739370.2757304,2.2781,2.2785,2.278300
1758739370.5272732,2.2777,2.2783,2.278000
1758739370.7868826,2.2778,2.2779,2.277850
1758739371.0394082,2.2782,2.2783,2.278250
1758739371.2905154,2.2782,2.2783,2.278250
1758739371.540307,2.2782,2.2783,2.278250
1758739371.8501115,2.2782,2.2783,2.278250
1758739372.2827005,2.2782,2.2783,2.278250
1758739372.370175,2.2788,2.2789,2.278850
1758739372.6398537,2.279,2.2791,2.279050
1758739372.8679914,2.2789,2.2792,2.279050
1758739373.1277301,2.2791,2.2792,2.279150
1758739373.3890498,2.2791,2.2793,2.279200
1758739373.7296007,2.2796,2.2797,2.279650
1758739373.9895353,2.2796,2.2797,2.279650
1758739374.2408717,2.2795,2.28,2.279750
1758739374.493145,2.2795,2.28,2.279750
1758739374.7990675,2.2795,2.28,2.279750
