unix_timestamp,bid,ask,mid
1758709131.3328476,4176.5,4176.6,4176.550000
1758709131.6299753,4176.5,4176.6,4176.550000
1758709132.143,4176.5,4176.6,4176.550000
1758709132.5492496,4176.5,4176.6,4176.550000
1758709133.29131,4176.5,4176.6,4176.550000
1758709133.6265612,4176.5,4176.6,4176.550000
1758709133.9041176,4176.5,4176.6,4176.550000
1758709134.3790102,4176.5,4176.6,4176.550000
1758709134.6443062,4176.5,4176.6,4176.550000
1758709135.10679,4176.5,4176.6,4176.550000
1758709135.3873281,4176.5,4176.6,4176.550000
1758709135.8679247,4176.5,4176.6,4176.550000
1758709136.3583653,4176.5,4176.6,4176.550000
1758709136.629468,4176.5,4176.6,4176.550000
1758709137.3344388,4176.5,4176.6,4176.550000
1758709137.8193636,4176.5,4176.6,4176.550000
1758709138.2768817,4176.5,4176.6,4176.550000
1758709138.551227,4176.5,4176.6,4176.550000
1758709138.9669406,4176.5,4176.6,4176.550000
1758709139.813951,4176.5,4176.6,4176.550000
1758709140.0957134,4176.5,4176.6,4176.550000
1758709140.5447178,4176.5,4176.6,4176.550000
1758709140.9883242,4176.5,4176.6,4176.550000
1758709141.3237603,4176.5,4176.6,4176.550000
1758709141.5973911,4176.5,4176.6,4176.550000
1758709141.8493931,4176.5,4176.6,4176.550000
1758709142.1015844,4176.5,4176.6,4176.550000
1758709142.3646984,4176.5,4176.6,4176.550000
1758709142.636078,4176.5,4176.6,4176.550000
1758709143.109373,4176.5,4176.6,4176.550000
1758709143.4686983,4176.5,4176.6,4176.550000
1758709143.7476258,4176.5,4176.6,4176.550000
1758709144.2364552,4176.5,4176.6,4176.550000
1758709144.578861,4176.5,4176.6,4176.550000
1758709144.9501898,4176.5,4176.6,4176.550000
1758709145.6143775,4176.5,4176.6,4176.550000
1758709146.1516056,4176.5,4176.6,4176.550000
1758709146.5749705,4176.5,4176.6,4176.550000
1758709146.931228,4176.5,4176.6,4176.550000
1758709147.4275482,4176.5,4176.6,4176.550000
1758709147.983333,4176.5,4176.6,4176.550000
1758709148.2650206,4176.5,4176.6,4176.550000
1758709148.6422312,4176.5,4176.6,4176.550000
1758709149.023227,4176.5,4176.6,4176.550000
1758709149.4863358,4176.5,4176.6,4176.550000
1758709149.7579203,4176.5,4176.6,4176.550000
1758709150.1051817,4176.5,4176.6,4176.550000
1758709150.372495,4176.5,4176.6,4176.550000
1758709151.0819645,4176.4,4176.5,4176.450000
1758709151.3319643,4176.0,4176.1,4176.050000
1758709151.600006,4176.0,4176.1,4176.050000
1758709151.8760676,4176.0,4176.1,4176.050000
1758709152.2977679,4176.0,4176.1,4176.050000
1758709152.511588,4176.0,4176.1,4176.050000
1758709152.7847493,4176.0,4176.1,4176.050000
1758709153.2267258,4176.0,4176.1,4176.050000
1758709153.4896815,4176.0,4176.1,4176.050000
1758709154.2022655,4176.0,4176.1,4176.050000
1758709154.6370127,4176.0,4176.1,4176.050000
1758709154.9269974,4176.0,4176.1,4176.050000
1758709155.4042363,4176.0,4176.1,4176.050000
1758709155.9169521,4176.0,4176.1,4176.050000
1758709156.5784304,4176.0,4176.1,4176.050000
1758709157.0722966,4176.0,4176.1,4176.050000
1758709157.4700842,4176.0,4176.1,4176.050000
1758709157.9689538,4176.0,4176.1,4176.050000
1758709158.3228693,4176.0,4176.1,4176.050000
1758709158.924396,4176.0,4176.1,4176.050000
1758709159.5597167,4176.0,4176.1,4176.050000
1758709160.03909,4176.0,4176.1,4176.050000
1758709160.410045,4176.0,4176.1,4176.050000
1758709161.0042548,4176.0,4176.1,4176.050000
1758709161.3283174,4176.0,4176.1,4176.050000
1758709161.5848215,4176.0,4176.1,4176.050000
1758709162.0879843,4176.0,4176.1,4176.050000
1758709162.5584495,4176.0,4176.1,4176.050000
1758709162.8803008,4176.0,4176.1,4176.050000
1758709163.221497,4176.0,4176.1,4176.050000
1758709163.579367,4176.0,4176.1,4176.050000
1758709164.0146596,4176.0,4176.1,4176.050000
1758709164.3959339,4176.0,4176.1,4176.050000
1758709164.6470559,4176.0,4176.1,4176.050000
1758709164.9172304,4176.0,4176.1,4176.050000
1758709165.2221766,4176.0,4176.1,4176.050000
1758709165.5664988,4176.0,4176.1,4176.050000
1758709165.8170347,4176.0,4176.1,4176.050000
1758709166.155598,4176.0,4176.1,4176.050000
1758709166.4352784,4176.0,4176.1,4176.050000
1758709166.704915,4176.0,4176.1,4176.050000
1758709167.0622962,4176.0,4176.1,4176.050000
1758709167.961288,4176.0,4176.1,4176.050000
1758709168.2440794,4176.0,4176.1,4176.050000
1758709168.567417,4176.0,4176.1,4176.050000
1758709169.068572,4176.0,4176.1,4176.050000
1758709170.0982258,4176.0,4176.1,4176.050000
1758709170.555604,4176.0,4176.1,4176.050000
1758709170.8624594,4176.0,4176.1,4176.050000
1758709171.286555,4176.0,4176.1,4176.050000
1758709171.5778244,4176.0,4176.1,4176.050000
1758709172.0961044,4176.0,4176.1,4176.050000
1758709172.776542,4176.0,4176.1,4176.050000
1758709173.0541224,4176.0,4176.1,4176.050000
1758709173.6719356,4176.0,4176.1,4176.050000
1758709174.0747368,4176.0,4176.1,4176.050000
1758709174.5927458,4176.0,4176.1,4176.050000
1758709174.91576,4176.0,4176.1,4176.050000
1758709175.2740488,4176.0,4176.1,4176.050000
1758709175.946868,4176.0,4176.1,4176.050000
1758709176.3543932,4176.0,4176.1,4176.050000
1758709177.0606718,4176.0,4176.1,4176.050000
1758709177.4742975,4176.0,4176.1,4176.050000
1758709177.8247612,4176.0,4176.1,4176.050000
1758709178.0711496,4176.0,4176.1,4176.050000
1758709178.371554,4176.0,4176.1,4176.050000
1758709178.6331327,4176.0,4176.1,4176.050000
1758709178.9362493,4176.0,4176.1,4176.050000
1758709179.5092738,4176.0,4176.1,4176.050000
1758709180.5577397,4176.0,4176.1,4176.050000
1758709181.0518157,4176.0,4176.1,4176.050000
1758709181.3103373,4176.0,4176.1,4176.050000
1758709181.5753117,4176.0,4176.1,4176.050000
1758709182.0871193,4176.0,4176.1,4176.050000
1758709182.914208,4176.0,4176.1,4176.050000
1758709183.3089879,4176.0,4176.1,4176.050000
1758709183.584788,4176.0,4176.1,4176.050000
1758709184.2038715,4176.0,4176.1,4176.050000
1758709184.5059354,4176.0,4176.1,4176.050000
1758709184.9047554,4176.0,4176.1,4176.050000
1758709185.3176181,4176.0,4176.1,4176.050000
1758709185.6928864,4176.0,4176.1,4176.050000
1758709186.2682378,4176.0,4176.1,4176.050000
1758709186.6228511,4176.0,4176.1,4176.050000
1758709187.0738077,4176.0,4176.1,4176.050000
1758709187.8104947,4176.0,4176.1,4176.050000
1758709188.0992568,4176.0,4176.1,4176.050000
1758709188.557907,4176.0,4176.1,4176.050000
1758709188.8084261,4176.0,4176.1,4176.050000
1758709189.0953178,4176.0,4176.1,4176.050000
1758709189.5640361,4176.0,4176.1,4176.050000
1758709190.051579,4176.0,4176.1,4176.050000
1758709190.3368163,4176.0,4176.1,4176.050000
1758709190.721496,4176.0,4176.1,4176.050000
1758709191.0180423,4176.0,4176.1,4176.050000
1758709191.330188,4176.0,4176.1,4176.050000
1758709191.5719078,4176.0,4176.1,4176.050000
1758709192.2127552,4176.0,4176.1,4176.050000
1758709192.4723783,4176.0,4176.1,4176.050000
1758709192.9522305,4176.0,4176.1,4176.050000
1758709193.9914453,4176.0,4176.1,4176.050000
1758709194.7630994,4176.0,4176.1,4176.050000
1758709195.038194,4176.0,4176.1,4176.050000
1758709195.3840663,4176.0,4176.1,4176.050000
1758709196.1098523,4176.0,4176.1,4176.050000
1758709196.3805385,4176.0,4176.1,4176.050000
1758709196.6886635,4176.0,4176.1,4176.050000
1758709197.0286121,4176.0,4176.1,4176.050000
1758709197.7132838,4176.0,4176.1,4176.050000
1758709197.9600735,4176.0,4176.1,4176.050000
1758709198.2274604,4176.0,4176.1,4176.050000
1758709198.5628426,4176.0,4176.1,4176.050000
1758709199.0688944,4176.0,4176.1,4176.050000
1758709199.8608296,4176.0,4176.1,4176.050000
1758709200.1739619,4176.0,4176.1,4176.050000
1758709200.6556468,4176.0,4176.1,4176.050000
1758709200.9459686,4176.0,4176.1,4176.050000
1758709201.2617025,4176.0,4176.1,4176.050000
1758709201.542983,4176.0,4176.1,4176.050000
1758709201.8196218,4176.3,4176.4,4176.350000
1758709202.070723,4176.3,4176.4,4176.350000
1758709202.3263102,4176.3,4176.4,4176.350000
1758709202.5930097,4176.3,4176.4,4176.350000
1758709202.8963842,4176.3,4176.4,4176.350000
1758709203.3394504,4176.3,4176.4,4176.350000
1758709203.6263046,4176.3,4176.4,4176.350000
1758709203.917006,4176.3,4176.4,4176.350000
1758709204.2142816,4176.3,4176.4,4176.350000
1758709204.51666,4176.3,4176.4,4176.350000
1758709204.81777,4176.3,4176.4,4176.350000
1758709205.0913763,4176.3,4176.4,4176.350000
1758709205.3582745,4176.3,4176.4,4176.350000
1758709205.7029924,4176.3,4176.4,4176.350000
1758709206.0248163,4176.3,4176.4,4176.350000
1758709206.367534,4176.3,4176.4,4176.350000
1758709206.8433936,4176.3,4176.4,4176.350000
1758709207.128057,4176.3,4176.4,4176.350000
1758709207.6064837,4176.3,4176.4,4176.350000
1758709207.8836248,4176.3,4176.4,4176.350000
1758709208.2123804,4176.3,4176.4,4176.350000
1758709208.519337,4176.3,4176.4,4176.350000
1758709208.8771544,4176.3,4176.4,4176.350000
1758709209.3816113,4176.3,4176.4,4176.350000
1758709209.8329902,4176.3,4176.4,4176.350000
1758709210.2332258,4176.3,4176.4,4176.350000
1758709210.5602095,4176.3,4176.4,4176.350000
1758709210.8151073,4176.3,4176.4,4176.350000
1758709211.1977487,4176.3,4176.4,4176.350000
1758709211.4620166,4176.3,4176.4,4176.350000
1758709211.8939965,4176.3,4176.4,4176.350000
1758709212.5012906,4176.3,4176.4,4176.350000
1758709212.7919762,4176.3,4176.4,4176.350000
1758709213.0711648,4176.3,4176.4,4176.350000
1758709213.3256805,4176.3,4176.4,4176.350000
1758709213.5828593,4176.3,4176.4,4176.350000
1758709213.8444598,4176.3,4176.4,4176.350000
1758709214.1526144,4176.3,4176.4,4176.350000
1758709214.407036,4176.3,4176.4,4176.350000
1758709214.6637952,4176.3,4176.4,4176.350000
1758709215.0193973,4176.3,4176.4,4176.350000
1758709215.4233162,4176.3,4176.4,4176.350000
1758709215.752836,4176.3,4176.4,4176.350000
1758709216.037338,4176.3,4176.4,4176.350000
1758709216.3026302,4176.3,4176.4,4176.350000
1758709216.569126,4176.3,4176.4,4176.350000
1758709216.8709428,4176.3,4176.4,4176.350000
1758709217.1566787,4176.3,4176.4,4176.350000
1758709217.417169,4176.3,4176.4,4176.350000
1758709217.781637,4176.3,4176.4,4176.350000
1758709218.094694,4176.3,4176.4,4176.350000
1758709218.380169,4176.3,4176.4,4176.350000
1758709218.6573803,4176.3,4176.4,4176.350000
1758709218.9525423,4176.5,4176.6,4176.550000
1758709219.2182398,4176.5,4176.6,4176.550000
1758709219.4777532,4176.5,4176.6,4176.550000
1758709219.7929618,4176.5,4176.6,4176.550000
1758709220.1138525,4176.5,4176.6,4176.550000
1758709220.4731786,4176.5,4176.6,4176.550000
1758709220.7309318,4176.5,4176.6,4176.550000
1758709221.0659413,4176.5,4176.6,4176.550000
1758709221.336179,4176.5,4176.6,4176.550000
1758709221.621022,4176.5,4176.6,4176.550000
1758709221.9733324,4176.5,4176.6,4176.550000
1758709222.2269588,4176.5,4176.6,4176.550000
1758709222.5641496,4176.5,4176.6,4176.550000
1758709222.9899213,4176.5,4176.6,4176.550000
1758709223.2659986,4176.5,4176.6,4176.550000
1758709223.5216904,4176.5,4176.6,4176.550000
1758709223.9859102,4176.5,4176.6,4176.550000
1758709224.3543217,4176.5,4176.6,4176.550000
1758709224.702106,4176.5,4176.6,4176.550000
1758709224.9832635,4176.5,4176.6,4176.550000
1758709225.316592,4176.5,4176.6,4176.550000
1758709225.5749767,4176.5,4176.6,4176.550000
1758709225.9248188,4176.5,4176.6,4176.550000
1758709226.6968212,4176.5,4176.6,4176.550000
1758709226.9648733,4176.5,4176.6,4176.550000
1758709227.3728638,4176.5,4176.6,4176.550000
1758709227.6259422,4176.5,4176.6,4176.550000
1758709228.1315668,4176.5,4176.6,4176.550000
1758709228.5522728,4176.5,4176.6,4176.550000
1758709228.805188,4176.5,4176.6,4176.550000
1758709229.5335298,4176.5,4176.6,4176.550000
1758709230.0730698,4176.5,4176.6,4176.550000
1758709230.470732,4176.5,4176.6,4176.550000
1758709230.772545,4176.5,4176.6,4176.550000
1758709231.0765555,4176.5,4176.6,4176.550000
1758709231.480388,4176.5,4176.6,4176.550000
1758709231.824278,4176.5,4176.6,4176.550000
1758709232.1285474,4176.5,4176.6,4176.550000
1758709232.4993482,4176.5,4176.6,4176.550000
1758709232.8471558,4176.5,4176.6,4176.550000
1758709233.273156,4176.5,4176.6,4176.550000
1758709233.4995625,4176.5,4176.6,4176.550000
1758709233.8289196,4176.5,4176.6,4176.550000
1758709234.215824,4176.5,4176.6,4176.550000
1758709234.4284654,4176.5,4176.6,4176.550000
1758709234.7729213,4176.5,4176.6,4176.550000
1758709235.046642,4176.5,4176.6,4176.550000
1758709235.3827562,4176.5,4176.6,4176.550000
1758709235.6732812,4176.5,4176.6,4176.550000
1758709236.0703568,4176.5,4176.6,4176.550000
1758709236.467658,4176.5,4176.6,4176.550000
1758709236.8056245,4176.5,4176.6,4176.550000
1758709237.0724473,4176.5,4176.6,4176.550000
1758709237.4979107,4176.5,4176.6,4176.550000
1758709237.7670078,4176.5,4176.6,4176.550000
1758709238.0599859,4176.5,4176.6,4176.550000
1758709238.3076985,4176.5,4176.6,4176.550000
1758709238.5671244,4176.5,4176.6,4176.550000
1758709238.990445,4176.5,4176.6,4176.550000
1758709239.2897696,4176.5,4176.6,4176.550000
1758709239.6430347,4176.5,4176.6,4176.550000
1758709240.0127466,4176.5,4176.6,4176.550000
1758709240.274819,4176.5,4176.6,4176.550000
1758709240.5565176,4176.5,4176.6,4176.550000
1758709240.9580412,4176.5,4176.6,4176.550000
1758709241.2357872,4176.5,4176.6,4176.550000
1758709241.5572753,4176.5,4176.6,4176.550000
1758709241.81957,4176.5,4176.6,4176.550000
1758709242.0735762,4176.5,4176.6,4176.550000
1758709242.4062805,4176.5,4176.6,4176.550000
1758709242.7979114,4176.5,4176.6,4176.550000
1758709243.2926702,4176.5,4176.6,4176.550000
1758709243.565619,4176.5,4176.6,4176.550000
1758709243.8569684,4176.5,4176.6,4176.550000
1758709244.1090188,4176.5,4176.6,4176.550000
1758709244.4321826,4176.5,4176.6,4176.550000
1758709244.8715162,4176.5,4176.6,4176.550000
1758709245.3898907,4176.5,4176.6,4176.550000
1758709245.9773803,4176.5,4176.6,4176.550000
1758709246.487173,4176.5,4176.6,4176.550000
1758709246.9514148,4176.5,4176.6,4176.550000
1758709247.2833927,4176.5,4176.6,4176.550000
1758709247.5830474,4176.5,4176.6,4176.550000
1758709247.9430265,4176.5,4176.6,4176.550000
1758709248.2588508,4176.5,4176.6,4176.550000
1758709248.5127206,4176.5,4176.6,4176.550000
1758709248.831545,4176.5,4176.6,4176.550000
1758709249.1138706,4176.5,4176.6,4176.550000
1758709249.3965912,4176.5,4176.6,4176.550000
1758709249.9633892,4176.5,4176.6,4176.550000
1758709250.2423468,4176.5,4176.6,4176.550000
1758709250.6394598,4176.5,4176.6,4176.550000
1758709251.092123,4176.5,4176.6,4176.550000
1758709251.359442,4176.5,4176.6,4176.550000
1758709251.6328492,4176.5,4176.6,4176.550000
1758709251.8858676,4176.5,4176.6,4176.550000
1758709252.1370633,4176.5,4176.6,4176.550000
1758709252.4561846,4176.5,4176.6,4176.550000
1758709252.7479627,4176.5,4176.6,4176.550000
1758709253.0123062,4176.5,4176.6,4176.550000
1758709253.2688944,4176.5,4176.6,4176.550000
1758709253.537378,4176.5,4176.6,4176.550000
1758709253.790704,4176.5,4176.6,4176.550000
1758709254.0854313,4176.5,4176.6,4176.550000
1758709254.3333037,4176.5,4176.6,4176.550000
1758709254.6047442,4176.5,4176.6,4176.550000
1758709254.8907704,4176.5,4176.6,4176.550000
1758709255.3692899,4176.5,4176.6,4176.550000
1758709255.6626189,4176.5,4176.6,4176.550000
1758709255.9351304,4176.5,4176.6,4176.550000
1758709256.1857395,4176.5,4176.6,4176.550000
1758709256.4647284,4176.5,4176.6,4176.550000
1758709256.7830117,4176.5,4176.6,4176.550000
1758709257.435241,4176.5,4176.6,4176.550000
1758709257.9599063,4176.5,4176.6,4176.550000
1758709258.2476192,4176.5,4176.6,4176.550000
1758709258.5854902,4176.5,4176.6,4176.550000
1758709258.993038,4176.5,4176.6,4176.550000
1758709259.3681479,4176.5,4176.6,4176.550000
1758709259.849119,4176.5,4176.6,4176.550000
1758709260.5763927,4176.5,4176.6,4176.550000
1758709261.1334643,4176.5,4176.6,4176.550000
1758709261.5646353,4176.5,4176.6,4176.550000
1758709262.1436882,4176.5,4176.6,4176.550000
1758709262.660556,4176.5,4176.6,4176.550000
1758709262.9745438,4176.5,4176.6,4176.550000
1758709263.3886135,4176.5,4176.6,4176.550000
1758709263.6912074,4176.5,4176.6,4176.550000
1758709264.0007732,4176.5,4176.6,4176.550000
1758709264.3434808,4176.5,4176.6,4176.550000
1758709264.5951896,4176.5,4176.6,4176.550000
1758709264.9870474,4176.5,4176.6,4176.550000
1758709265.253558,4176.5,4176.6,4176.550000
1758709265.52602,4176.5,4176.6,4176.550000
1758709265.8212152,4176.5,4176.6,4176.550000
1758709266.0919726,4176.5,4176.6,4176.550000
1758709266.9762862,4176.5,4176.6,4176.550000
1758709267.2635832,4176.5,4176.6,4176.550000
1758709267.5873666,4176.5,4176.6,4176.550000
1758709267.861866,4176.5,4176.6,4176.550000
1758709268.152826,4176.5,4176.6,4176.550000
1758709268.4796658,4176.5,4176.6,4176.550000
1758709268.826726,4176.5,4176.6,4176.550000
1758709269.2057867,4176.5,4176.6,4176.550000
1758709269.5406194,4176.5,4176.6,4176.550000
1758709269.8639562,4176.5,4176.6,4176.550000
1758709270.1941006,4176.5,4176.6,4176.550000
1758709270.4469724,4176.3,4176.4,4176.350000
1758709270.7305565,4176.3,4176.4,4176.350000
1758709270.9820447,4176.3,4176.4,4176.350000
1758709271.2530894,4176.3,4176.4,4176.350000
1758709271.56247,4176.3,4176.4,4176.350000
1758709271.9218469,4176.3,4176.4,4176.350000
1758709272.246298,4176.3,4176.4,4176.350000
1758709272.6677687,4176.3,4176.4,4176.350000
1758709273.0079544,4176.3,4176.4,4176.350000
1758709273.2710032,4176.3,4176.4,4176.350000
1758709273.5553668,4176.3,4176.4,4176.350000
1758709274.0701287,4176.3,4176.4,4176.350000
1758709274.4284482,4176.3,4176.4,4176.350000
1758709274.7091265,4176.3,4176.4,4176.350000
1758709275.4514148,4176.3,4176.4,4176.350000
1758709276.0743492,4176.3,4176.4,4176.350000
1758709276.5156353,4176.3,4176.4,4176.350000
1758709277.0599449,4176.3,4176.4,4176.350000
1758709277.9360542,4176.3,4176.4,4176.350000
1758709278.2963753,4176.3,4176.4,4176.350000
1758709278.5150146,4176.3,4176.4,4176.350000
1758709279.1036425,4176.3,4176.4,4176.350000
1758709279.4147732,4176.3,4176.4,4176.350000
1758709280.1841986,4176.3,4176.4,4176.350000
1758709280.5187013,4176.3,4176.4,4176.350000
1758709280.9981627,4176.3,4176.4,4176.350000
1758709281.2978084,4176.3,4176.4,4176.350000
1758709281.5512087,4176.3,4176.4,4176.350000
1758709282.0737896,4176.3,4176.4,4176.350000
1758709282.5603614,4176.3,4176.4,4176.350000
1758709283.3022776,4176.3,4176.4,4176.350000
1758709283.655053,4176.3,4176.4,4176.350000
1758709283.9693732,4176.3,4176.4,4176.350000
1758709284.3288505,4176.3,4176.4,4176.350000
1758709284.5834563,4176.3,4176.4,4176.350000
1758709284.876008,4176.3,4176.4,4176.350000
1758709285.2488523,4176.3,4176.4,4176.350000
1758709285.5578969,4176.3,4176.4,4176.350000
1758709286.3622077,4176.3,4176.4,4176.350000
1758709286.8010662,4176.3,4176.4,4176.350000
1758709287.3014202,4176.3,4176.4,4176.350000
1758709287.8878236,4176.3,4176.4,4176.350000
1758709288.2043207,4176.3,4176.4,4176.350000
1758709288.5646746,4176.3,4176.4,4176.350000
1758709289.191128,4176.3,4176.4,4176.350000
1758709289.449029,4176.3,4176.4,4176.350000
1758709289.8621745,4176.3,4176.4,4176.350000
1758709290.1206062,4176.3,4176.4,4176.350000
1758709290.3733582,4176.3,4176.4,4176.350000
1758709290.975145,4176.3,4176.4,4176.350000
1758709291.269476,4176.3,4176.4,4176.350000
1758709291.5378397,4176.3,4176.4,4176.350000
1758709292.0617657,4176.3,4176.4,4176.350000
1758709292.5872574,4176.3,4176.4,4176.350000
1758709293.0560899,4176.3,4176.4,4176.350000
1758709293.3698113,4176.3,4176.4,4176.350000
1758709293.6352563,4176.3,4176.4,4176.350000
1758709293.9810884,4176.3,4176.4,4176.350000
1758709294.3691828,4176.3,4176.4,4176.350000
1758709294.6417844,4176.3,4176.4,4176.350000
1758709294.9062357,4176.3,4176.4,4176.350000
1758709295.1570413,4176.3,4176.4,4176.350000
1758709295.47694,4176.0,4176.1,4176.050000
1758709295.743326,4176.0,4176.1,4176.050000
1758709296.1015048,4176.0,4176.1,4176.050000
1758709296.3910732,4176.0,4176.1,4176.050000
1758709296.6673355,4176.0,4176.1,4176.050000
1758709297.037741,4176.0,4176.1,4176.050000
1758709297.3049908,4176.0,4176.1,4176.050000
1758709297.571743,4176.0,4176.1,4176.050000
1758709297.9376943,4176.0,4176.1,4176.050000
1758709298.2055805,4176.0,4176.1,4176.050000
1758709298.5358174,4176.0,4176.1,4176.050000
1758709298.8924313,4176.0,4176.1,4176.050000
1758709299.1808715,4176.0,4176.1,4176.050000
1758709299.5003235,4176.0,4176.1,4176.050000
1758709299.7630866,4176.0,4176.1,4176.050000
1758709300.046716,4176.0,4176.1,4176.050000
1758709300.4786842,4176.0,4176.1,4176.050000
1758709300.7342641,4176.0,4176.1,4176.050000
1758709301.0950546,4176.0,4176.1,4176.050000
1758709301.379778,4176.0,4176.1,4176.050000
1758709301.7358181,4176.0,4176.1,4176.050000
1758709302.045494,4176.0,4176.1,4176.050000
1758709302.6430366,4176.0,4176.1,4176.050000
1758709302.921484,4176.0,4176.1,4176.050000
1758709303.2760153,4176.0,4176.1,4176.050000
1758709303.568916,4176.0,4176.1,4176.050000
1758709303.8196874,4176.0,4176.1,4176.050000
1758709304.0942984,4176.0,4176.1,4176.050000
1758709304.3441389,4176.0,4176.1,4176.050000
1758709304.7064013,4176.0,4176.1,4176.050000
1758709304.982184,4176.0,4176.1,4176.050000
1758709305.689643,4176.0,4176.1,4176.050000
1758709306.5149803,4176.0,4176.1,4176.050000
1758709306.7697453,4176.0,4176.1,4176.050000
1758709307.0781827,4176.0,4176.1,4176.050000
1758709307.9088864,4176.0,4176.1,4176.050000
1758709308.2254374,4176.0,4176.1,4176.050000
1758709308.6622128,4176.0,4176.1,4176.050000
1758709309.283165,4176.0,4176.1,4176.050000
1758709309.5387394,4176.0,4176.1,4176.050000
1758709310.506889,4176.0,4176.1,4176.050000
1758709310.8752384,4176.0,4176.1,4176.050000
1758709311.5561323,4176.0,4176.1,4176.050000
1758709311.9762063,4176.0,4176.1,4176.050000
1758709312.4026845,4176.0,4176.1,4176.050000
1758709312.8398728,4176.0,4176.1,4176.050000
1758709313.1604385,4176.0,4176.1,4176.050000
1758709313.452833,4176.0,4176.1,4176.050000
1758709313.7581751,4176.0,4176.1,4176.050000
1758709314.4366064,4176.0,4176.1,4176.050000
1758709314.8428483,4176.0,4176.1,4176.050000
1758709315.4986734,4176.0,4176.1,4176.050000
1758709315.9943616,4176.0,4176.1,4176.050000
1758709316.7800903,4176.0,4176.1,4176.050000
1758709317.0659904,4176.0,4176.1,4176.050000
1758709317.5030992,4176.0,4176.1,4176.050000
1758709317.9101665,4176.0,4176.1,4176.050000
1758709318.3720145,4176.0,4176.1,4176.050000
1758709318.736183,4176.0,4176.1,4176.050000
1758709319.0331109,4176.0,4176.1,4176.050000
1758709319.3238697,4176.0,4176.1,4176.050000
1758709319.8851628,4176.0,4176.1,4176.050000
1758709320.3631105,4176.0,4176.1,4176.050000
1758709320.7811382,4176.0,4176.1,4176.050000
1758709321.2345798,4176.0,4176.1,4176.050000
1758709321.5174947,4176.0,4176.1,4176.050000
1758709321.788199,4176.0,4176.1,4176.050000
1758709322.1091921,4176.0,4176.1,4176.050000
1758709322.4314823,4176.0,4176.1,4176.050000
1758709322.7524931,4176.0,4176.1,4176.050000
1758709323.3118122,4176.0,4176.1,4176.050000
1758709323.5709088,4176.0,4176.1,4176.050000
1758709324.0379672,4176.0,4176.1,4176.050000
1758709324.3939345,4176.0,4176.1,4176.050000
1758709324.6790776,4176.0,4176.1,4176.050000
1758709324.9550016,4175.8,4175.9,4175.850000
1758709325.2290552,4175.7,4175.8,4175.750000
1758709325.4825451,4175.7,4175.8,4175.750000
1758709325.943348,4175.7,4175.8,4175.750000
1758709326.227002,4175.7,4175.8,4175.750000
1758709326.483481,4175.7,4175.8,4175.750000
1758709326.7381968,4175.7,4175.8,4175.750000
1758709327.023132,4175.7,4175.8,4175.750000
1758709327.273796,4175.7,4175.8,4175.750000
1758709327.5555708,4175.7,4175.8,4175.750000
1758709327.892795,4175.7,4175.8,4175.750000
1758709328.158737,4175.7,4175.8,4175.750000
1758709328.7069058,4175.7,4175.8,4175.750000
1758709329.1554563,4175.5,4175.6,4175.550000
1758709329.4682827,4175.5,4175.6,4175.550000
1758709329.7919378,4175.5,4175.6,4175.550000
1758709330.0849226,4175.5,4175.6,4175.550000
1758709330.3569021,4175.5,4175.6,4175.550000
1758709330.6447234,4175.5,4175.6,4175.550000
1758709330.9617834,4175.5,4175.6,4175.550000
1758709331.3542337,4175.5,4175.6,4175.550000
1758709331.9916406,4175.1,4175.2,4175.150000
1758709332.3180614,4175.0,4175.1,4175.050000
1758709332.5431366,4175.0,4175.1,4175.050000
1758709332.9973052,4174.8,4174.9,4174.850000
1758709333.3549142,4174.8,4174.9,4174.850000
1758709334.067955,4174.8,4174.9,4174.850000
1758709334.329888,4174.8,4174.9,4174.850000
1758709334.641655,4174.8,4174.9,4174.850000
1758709334.9564595,4174.8,4174.9,4174.850000
1758709335.298632,4174.8,4174.9,4174.850000
1758709335.5620682,4174.8,4174.9,4174.850000
1758709335.8763387,4174.8,4174.9,4174.850000
1758709336.1533537,4174.8,4174.9,4174.850000
1758709336.4653547,4174.8,4174.9,4174.850000
1758709336.7705953,4174.8,4174.9,4174.850000
1758709337.0756667,4174.8,4174.9,4174.850000
1758709337.4482749,4174.8,4174.9,4174.850000
1758709337.8266535,4174.8,4174.9,4174.850000
1758709338.114789,4174.8,4174.9,4174.850000
1758709339.0505054,4174.8,4174.9,4174.850000
1758709339.4012125,4174.8,4174.9,4174.850000
1758709339.9042509,4174.8,4174.9,4174.850000
1758709340.375115,4174.8,4174.9,4174.850000
1758709340.8560734,4174.8,4174.9,4174.850000
1758709341.1096497,4174.8,4174.9,4174.850000
1758709341.41386,4174.8,4174.9,4174.850000
1758709342.5556464,4174.8,4174.9,4174.850000
1758709343.197979,4174.8,4174.9,4174.850000
1758709343.7266142,4174.8,4174.9,4174.850000
1758709344.0195005,4174.8,4174.9,4174.850000
1758709344.269005,4174.8,4174.9,4174.850000
1758709344.612504,4174.8,4174.9,4174.850000
1758709344.8874435,4174.8,4174.9,4174.850000
1758709345.4712117,4174.8,4174.9,4174.850000
1758709345.7838345,4174.8,4174.9,4174.850000
1758709346.034377,4174.8,4174.9,4174.850000
1758709347.2933075,4174.8,4174.9,4174.850000
1758709347.602057,4174.8,4174.9,4174.850000
1758709347.8549695,4174.8,4174.9,4174.850000
1758709348.1172063,4174.8,4174.9,4174.850000
1758709348.5571203,4174.8,4174.9,4174.850000
1758709348.8339558,4174.8,4174.9,4174.850000
1758709349.1154459,4174.8,4174.9,4174.850000
1758709349.827702,4174.8,4174.9,4174.850000
1758709350.2718706,4174.8,4174.9,4174.850000
1758709350.7399216,4174.8,4174.9,4174.850000
1758709351.0728576,4174.8,4174.9,4174.850000
1758709351.4329839,4174.8,4174.9,4174.850000
1758709351.7827656,4174.8,4174.9,4174.850000
1758709352.1269376,4174.8,4174.9,4174.850000
1758709352.3772528,4174.8,4174.9,4174.850000
1758709352.67733,4174.8,4174.9,4174.850000
1758709353.3568614,4174.8,4174.9,4174.850000
1758709353.7341986,4174.8,4174.9,4174.850000
1758709354.0313241,4174.8,4174.9,4174.850000
1758709354.486523,4174.8,4174.9,4174.850000
1758709354.8567188,4174.8,4174.9,4174.850000
1758709355.352601,4174.8,4174.9,4174.850000
1758709355.9619365,4174.8,4174.9,4174.850000
1758709356.455851,4174.8,4174.9,4174.850000
1758709356.9266706,4174.8,4174.9,4174.850000
1758709357.3037891,4174.8,4174.9,4174.850000
1758709357.5945716,4174.8,4174.9,4174.850000
1758709357.8707063,4174.8,4174.9,4174.850000
1758709358.1988738,4174.8,4174.9,4174.850000
1758709358.7078803,4174.8,4174.9,4174.850000
1758709359.2791958,4174.8,4174.9,4174.850000
1758709359.8649662,4174.8,4174.9,4174.850000
1758709360.2299783,4174.8,4174.9,4174.850000
1758709360.590107,4174.8,4174.9,4174.850000
1758709361.239646,4174.8,4174.9,4174.850000
1758709361.5350344,4174.8,4174.9,4174.850000
1758709362.024013,4174.8,4174.9,4174.850000
1758709362.3516443,4174.8,4174.9,4174.850000
1758709362.699488,4174.8,4174.9,4174.850000
1758709362.9558887,4174.8,4174.9,4174.850000
1758709363.29417,4174.8,4174.9,4174.850000
1758709363.568463,4174.8,4174.9,4174.850000
1758709363.9301178,4174.8,4174.9,4174.850000
1758709364.426383,4174.8,4174.9,4174.850000
1758709364.7237494,4174.8,4174.9,4174.850000
1758709365.6453776,4174.8,4174.9,4174.850000
1758709366.2031953,4174.8,4174.9,4174.850000
1758709366.5569837,4174.8,4174.9,4174.850000
1758709367.9149837,4174.8,4174.9,4174.850000
1758709368.2210584,4174.8,4174.9,4174.850000
1758709368.5150275,4174.8,4174.9,4174.850000
1758709369.084581,4174.8,4174.9,4174.850000
1758709369.4857013,4174.8,4174.9,4174.850000
1758709369.743745,4174.8,4174.9,4174.850000
1758709370.001152,4174.8,4174.9,4174.850000
1758709370.5022569,4174.8,4174.9,4174.850000
1758709371.1065047,4174.8,4174.9,4174.850000
1758709371.4286776,4174.8,4174.9,4174.850000
1758709371.6809607,4174.8,4174.9,4174.850000
1758709371.9533904,4174.8,4174.9,4174.850000
1758709372.2427886,4174.7,4174.8,4174.750000
1758709372.492647,4174.7,4174.8,4174.750000
1758709372.795626,4174.7,4174.8,4174.750000
1758709373.057851,4174.7,4174.8,4174.750000
1758709373.3336387,4174.7,4174.8,4174.750000
1758709373.592838,4174.7,4174.8,4174.750000
1758709373.8785326,4174.7,4174.8,4174.750000
1758709374.138582,4174.7,4174.8,4174.750000
1758709374.4163003,4174.7,4174.8,4174.750000
1758709374.696327,4174.7,4174.8,4174.750000
1758709375.0543957,4174.7,4174.8,4174.750000
1758709375.4884017,4173.7,4173.9,4173.800000
1758709375.778506,4173.7,4173.8,4173.750000
1758709376.0735881,4173.7,4173.8,4173.750000
1758709376.3381593,4173.3,4173.4,4173.350000
1758709376.6322496,4173.3,4173.4,4173.350000
1758709376.9042206,4173.3,4173.4,4173.350000
1758709377.2178378,4173.3,4173.4,4173.350000
1758709377.4597063,4173.3,4173.4,4173.350000
1758709377.7682457,4173.3,4173.4,4173.350000
1758709378.265345,4173.2,4173.4,4173.300000
1758709378.5343535,4173.2,4173.3,4173.250000
1758709378.861959,4173.2,4173.3,4173.250000
1758709379.2857757,4173.2,4173.3,4173.250000
1758709379.5464265,4173.2,4173.3,4173.250000
1758709380.1792343,4173.2,4173.3,4173.250000
1758709380.5047963,4173.2,4173.3,4173.250000
1758709380.7748485,4173.2,4173.3,4173.250000
1758709381.102783,4173.2,4173.3,4173.250000
1758709381.4863024,4173.2,4173.3,4173.250000
1758709381.7786615,4173.2,4173.3,4173.250000
1758709382.035339,4173.2,4173.3,4173.250000
1758709382.5132034,4173.2,4173.3,4173.250000
1758709382.9234939,4173.2,4173.3,4173.250000
1758709383.3317108,4173.2,4173.3,4173.250000
1758709383.6710653,4173.2,4173.3,4173.250000
1758709383.950457,4173.2,4173.3,4173.250000
1758709384.3374724,4173.2,4173.3,4173.250000
1758709384.7129874,4173.2,4173.3,4173.250000
1758709385.2962644,4173.2,4173.3,4173.250000
1758709385.729979,4173.2,4173.3,4173.250000
1758709386.1322188,4173.2,4173.3,4173.250000
1758709386.4581027,4173.2,4173.3,4173.250000
1758709386.9702895,4173.2,4173.3,4173.250000
1758709387.2381856,4173.2,4173.3,4173.250000
1758709387.5073607,4173.2,4173.3,4173.250000
1758709387.8095562,4173.2,4173.3,4173.250000
1758709388.0743835,4173.2,4173.3,4173.250000
1758709388.8071527,4173.2,4173.3,4173.250000
1758709389.4372752,4173.2,4173.3,4173.250000
1758709389.7148764,4173.2,4173.3,4173.250000
1758709390.0909421,4173.2,4173.3,4173.250000
1758709390.5525815,4173.2,4173.3,4173.250000
1758709391.1021843,4173.2,4173.3,4173.250000
1758709391.3713663,4173.2,4173.3,4173.250000
1758709391.621115,4173.2,4173.3,4173.250000
1758709391.8820992,4173.2,4173.3,4173.250000
1758709392.304596,4173.2,4173.3,4173.250000
1758709392.5813856,4173.2,4173.3,4173.250000
1758709392.8673358,4173.2,4173.3,4173.250000
1758709393.1213408,4173.2,4173.3,4173.250000
1758709393.3839848,4173.4,4173.5,4173.450000
1758709393.635657,4173.4,4173.5,4173.450000
1758709393.889479,4173.4,4173.5,4173.450000
1758709394.1673465,4173.4,4173.5,4173.450000
1758709394.4219813,4173.4,4173.5,4173.450000
1758709394.7266424,4173.4,4173.5,4173.450000
1758709394.9739854,4173.4,4173.5,4173.450000
1758709395.4530692,4173.4,4173.5,4173.450000
1758709395.7174048,4173.4,4173.5,4173.450000
1758709396.2289712,4173.4,4173.5,4173.450000
1758709396.5014648,4173.4,4173.5,4173.450000
1758709396.9701242,4173.4,4173.5,4173.450000
1758709397.4400325,4173.4,4173.5,4173.450000
1758709397.7263873,4173.4,4173.5,4173.450000
1758709398.0345685,4173.4,4173.5,4173.450000
1758709398.4920697,4173.4,4173.5,4173.450000
1758709399.2063003,4173.4,4173.5,4173.450000
1758709399.6171849,4173.4,4173.5,4173.450000
1758709399.8738184,4173.4,4173.5,4173.450000
1758709400.1303082,4173.4,4173.5,4173.450000
1758709400.541583,4173.4,4173.5,4173.450000
1758709400.7981727,4173.4,4173.5,4173.450000
1758709401.0554817,4173.4,4173.5,4173.450000
1758709401.4873865,4173.4,4173.5,4173.450000
1758709402.1247056,4173.4,4173.5,4173.450000
1758709402.702632,4173.4,4173.5,4173.450000
1758709403.054654,4173.4,4173.5,4173.450000
1758709403.7324612,4173.4,4173.5,4173.450000
1758709404.1062577,4173.4,4173.5,4173.450000
1758709404.3875732,4173.4,4173.5,4173.450000
1758709405.0367627,4173.4,4173.5,4173.450000
1758709405.2888002,4173.4,4173.5,4173.450000
1758709405.5840592,4173.4,4173.5,4173.450000
1758709406.0411236,4173.4,4173.5,4173.450000
1758709406.417914,4173.4,4173.5,4173.450000
1758709407.3422217,4173.4,4173.5,4173.450000
1758709407.5641804,4173.4,4173.5,4173.450000
1758709408.229022,4173.4,4173.5,4173.450000
1758709408.5983448,4173.4,4173.5,4173.450000
1758709409.0502334,4173.4,4173.5,4173.450000
1758709409.4035096,4173.4,4173.5,4173.450000
1758709409.9344084,4173.4,4173.5,4173.450000
1758709410.3609588,4173.4,4173.5,4173.450000
1758709410.644639,4173.4,4173.5,4173.450000
1758709410.9034595,4173.4,4173.5,4173.450000
1758709411.469576,4173.4,4173.5,4173.450000
1758709412.0873203,4173.4,4173.5,4173.450000
1758709412.3914409,4173.4,4173.5,4173.450000
1758709413.1416466,4173.4,4173.5,4173.450000
1758709413.699629,4173.4,4173.5,4173.450000
1758709414.0983064,4173.4,4173.5,4173.450000
1758709414.3874962,4173.4,4173.5,4173.450000
1758709414.678751,4173.4,4173.5,4173.450000
1758709415.2432182,4173.4,4173.5,4173.450000
1758709415.5125768,4173.4,4173.5,4173.450000
1758709416.1068432,4173.4,4173.5,4173.450000
1758709416.5674865,4173.4,4173.5,4173.450000
1758709416.9521441,4173.4,4173.5,4173.450000
1758709417.235197,4173.4,4173.5,4173.450000
1758709417.476071,4173.4,4173.5,4173.450000
1758709418.3453639,4173.4,4173.5,4173.450000
1758709418.64683,4173.4,4173.5,4173.450000
1758709419.5240955,4173.4,4173.5,4173.450000
1758709420.1692615,4173.4,4173.5,4173.450000
1758709420.5544798,4173.4,4173.5,4173.450000
1758709421.035349,4173.4,4173.5,4173.450000
1758709421.5828843,4173.4,4173.5,4173.450000
1758709422.3776898,4173.4,4173.5,4173.450000
1758709422.5561311,4173.4,4173.5,4173.450000
1758709423.0729804,4173.4,4173.5,4173.450000
1758709423.4962573,4173.4,4173.5,4173.450000
1758709424.0878127,4173.4,4173.5,4173.450000
1758709424.3703597,4173.4,4173.5,4173.450000
1758709424.657642,4173.4,4173.5,4173.450000
1758709425.3762531,4173.4,4173.5,4173.450000
1758709425.6879184,4173.4,4173.5,4173.450000
1758709426.3304236,4173.4,4173.5,4173.450000
1758709427.4699752,4173.4,4173.5,4173.450000
1758709427.757841,4173.4,4173.5,4173.450000
1758709428.03651,4173.4,4173.5,4173.450000
1758709428.3751616,4173.4,4173.5,4173.450000
1758709428.5947845,4173.4,4173.5,4173.450000
1758709429.075777,4173.4,4173.5,4173.450000
1758709429.3720474,4173.4,4173.5,4173.450000
1758709429.6644237,4173.4,4173.5,4173.450000
1758709429.9291823,4173.4,4173.5,4173.450000
1758709430.1962898,4173.4,4173.5,4173.450000
1758709430.5943089,4173.4,4173.5,4173.450000
1758709430.9155798,4173.4,4173.5,4173.450000
1758709431.4001079,4173.4,4173.5,4173.450000
1758709432.2796881,4173.4,4173.5,4173.450000
1758709432.5547433,4173.4,4173.5,4173.450000
1758709433.3396146,4173.4,4173.5,4173.450000
1758709433.6458325,4173.4,4173.5,4173.450000
1758709434.0309007,4173.4,4173.5,4173.450000
1758709434.359177,4173.4,4173.5,4173.450000
1758709434.7792344,4173.4,4173.5,4173.450000
1758709435.0741048,4173.4,4173.5,4173.450000
1758709435.4307108,4173.4,4173.5,4173.450000
1758709436.209174,4173.4,4173.5,4173.450000
1758709436.4841473,4173.4,4173.5,4173.450000
1758709436.7476842,4173.4,4173.5,4173.450000
1758709437.0033867,4173.4,4173.5,4173.450000
1758709437.433798,4173.4,4173.5,4173.450000
1758709437.7234292,4173.4,4173.5,4173.450000
1758709438.22675,4173.4,4173.5,4173.450000
1758709438.5780547,4173.4,4173.5,4173.450000
1758709439.1571963,4173.4,4173.5,4173.450000
1758709439.5281627,4173.4,4173.5,4173.450000
1758709439.9295373,4173.4,4173.5,4173.450000
1758709440.1982894,4173.4,4173.5,4173.450000
1758709440.4503493,4173.4,4173.5,4173.450000
1758709440.724384,4173.4,4173.5,4173.450000
1758709441.0515146,4173.4,4173.5,4173.450000
1758709441.4994206,4173.4,4173.5,4173.450000
1758709441.8643212,4173.4,4173.5,4173.450000
1758709442.1268277,4173.4,4173.5,4173.450000
1758709442.3912237,4173.4,4173.5,4173.450000
1758709442.7626994,4173.4,4173.5,4173.450000
1758709443.2805026,4173.4,4173.5,4173.450000
1758709443.5151992,4173.4,4173.5,4173.450000
1758709443.9379957,4173.4,4173.5,4173.450000
1758709444.277052,4173.4,4173.5,4173.450000
1758709444.5570214,4173.4,4173.5,4173.450000
1758709444.825423,4173.4,4173.5,4173.450000
1758709445.1901586,4173.4,4173.5,4173.450000
1758709445.4808216,4173.4,4173.5,4173.450000
1758709445.815518,4173.4,4173.5,4173.450000
1758709446.0809767,4173.4,4173.5,4173.450000
1758709446.3576906,4173.4,4173.5,4173.450000
1758709446.6739695,4173.4,4173.5,4173.450000
1758709447.0858264,4173.4,4173.5,4173.450000
1758709447.532548,4173.4,4173.5,4173.450000
1758709447.8481224,4173.4,4173.5,4173.450000
1758709448.4317358,4173.4,4173.5,4173.450000
1758709449.353311,4173.4,4173.5,4173.450000
1758709449.8242795,4173.4,4173.5,4173.450000
1758709450.1112967,4173.4,4173.5,4173.450000
1758709450.5857553,4173.4,4173.5,4173.450000
1758709450.968695,4173.4,4173.5,4173.450000
1758709451.5982487,4173.4,4173.5,4173.450000
1758709452.6162095,4173.4,4173.5,4173.450000
1758709452.9502335,4173.4,4173.5,4173.450000
1758709453.2457676,4173.4,4173.5,4173.450000
1758709453.5626893,4173.4,4173.5,4173.450000
1758709453.8535666,4173.4,4173.5,4173.450000
1758709454.0932055,4173.4,4173.5,4173.450000
1758709454.346567,4173.4,4173.5,4173.450000
1758709454.614068,4173.4,4173.5,4173.450000
1758709454.8634017,4173.4,4173.5,4173.450000
1758709455.129404,4173.4,4173.5,4173.450000
1758709456.1102054,4173.4,4173.5,4173.450000
1758709456.5552063,4173.4,4173.5,4173.450000
1758709456.811428,4173.4,4173.5,4173.450000
1758709457.1546862,4173.4,4173.5,4173.450000
1758709457.4290655,4173.4,4173.5,4173.450000
1758709457.7186868,4173.4,4173.5,4173.450000
1758709458.2990625,4173.4,4173.5,4173.450000
1758709458.844409,4173.4,4173.5,4173.450000
1758709459.0951693,4173.4,4173.5,4173.450000
1758709459.581079,4173.4,4173.5,4173.450000
1758709460.1324348,4173.4,4173.5,4173.450000
1758709460.4913642,4173.4,4173.5,4173.450000
1758709460.7610404,4173.4,4173.5,4173.450000
1758709461.045133,4173.4,4173.5,4173.450000
1758709461.344855,4173.4,4173.5,4173.450000
1758709461.666103,4173.4,4173.5,4173.450000
1758709462.039313,4173.4,4173.5,4173.450000
1758709462.5603685,4173.4,4173.5,4173.450000
1758709462.9252148,4173.4,4173.5,4173.450000
1758709463.185816,4173.4,4173.5,4173.450000
1758709464.0753455,4173.4,4173.5,4173.450000
1758709464.3780944,4173.4,4173.5,4173.450000
1758709464.7103195,4173.4,4173.5,4173.450000
1758709465.003039,4173.4,4173.5,4173.450000
1758709465.5698664,4173.4,4173.5,4173.450000
1758709465.9069986,4173.4,4173.5,4173.450000
1758709466.1917994,4173.4,4173.5,4173.450000
1758709466.4543545,4173.4,4173.5,4173.450000
1758709467.115623,4173.4,4173.5,4173.450000
1758709467.5366492,4173.4,4173.5,4173.450000
1758709467.8707922,4173.4,4173.5,4173.450000
1758709468.1391995,4173.4,4173.5,4173.450000
1758709468.765566,4173.4,4173.5,4173.450000
1758709469.5499837,4173.4,4173.5,4173.450000
1758709469.8710926,4173.4,4173.5,4173.450000
1758709470.302703,4173.4,4173.5,4173.450000
1758709470.7408547,4173.4,4173.5,4173.450000
1758709471.0491745,4173.4,4173.5,4173.450000
1758709471.317342,4173.4,4173.5,4173.450000
1758709471.6340017,4173.4,4173.5,4173.450000
1758709471.8886402,4173.4,4173.5,4173.450000
1758709472.20308,4173.4,4173.5,4173.450000
1758709472.5295296,4173.4,4173.5,4173.450000
1758709472.8240924,4173.4,4173.5,4173.450000
1758709473.4433239,4173.4,4173.5,4173.450000
1758709473.7868001,4173.4,4173.5,4173.450000
1758709474.0773478,4173.4,4173.5,4173.450000
1758709474.3596895,4173.4,4173.5,4173.450000
1758709474.7482839,4173.4,4173.5,4173.450000
1758709475.1311736,4173.4,4173.5,4173.450000
1758709475.54136,4173.4,4173.5,4173.450000
1758709476.3687665,4173.4,4173.5,4173.450000
1758709476.6859207,4173.4,4173.5,4173.450000
1758709477.1574457,4173.4,4173.5,4173.450000
1758709477.4305384,4173.4,4173.5,4173.450000
1758709477.7378156,4173.4,4173.5,4173.450000
1758709478.0396824,4173.4,4173.5,4173.450000
1758709478.352164,4173.4,4173.5,4173.450000
1758709478.615694,4173.4,4173.5,4173.450000
1758709478.8868499,4173.4,4173.5,4173.450000
1758709479.5000353,4173.4,4173.5,4173.450000
1758709479.8087263,4173.4,4173.5,4173.450000
1758709480.2291641,4173.4,4173.5,4173.450000
1758709480.5855007,4173.4,4173.5,4173.450000
1758709480.9244316,4173.4,4173.5,4173.450000
1758709481.7295673,4173.4,4173.5,4173.450000
1758709482.0327148,4173.4,4173.5,4173.450000
1758709482.409707,4173.4,4173.5,4173.450000
1758709482.7187655,4173.4,4173.5,4173.450000
1758709483.0336468,4173.4,4173.5,4173.450000
1758709483.3938804,4173.4,4173.5,4173.450000
1758709483.8172228,4173.4,4173.5,4173.450000
1758709484.0839696,4173.4,4173.5,4173.450000
1758709484.3687494,4173.4,4173.5,4173.450000
1758709484.7843912,4173.4,4173.5,4173.450000
1758709485.4686637,4173.4,4173.5,4173.450000
1758709485.875992,4173.4,4173.5,4173.450000
1758709486.3176095,4173.4,4173.5,4173.450000
1758709486.6659353,4173.4,4173.5,4173.450000
1758709487.4492567,4173.4,4173.5,4173.450000
1758709487.7340088,4173.4,4173.5,4173.450000
1758709487.9881063,4173.4,4173.5,4173.450000
1758709488.8906176,4173.4,4173.5,4173.450000
1758709489.2300572,4173.2,4173.4,4173.300000
1758709489.4562256,4173.2,4173.3,4173.250000
1758709489.7705488,4173.2,4173.3,4173.250000
1758709490.046083,4173.2,4173.3,4173.250000
1758709490.3827684,4173.2,4173.3,4173.250000
1758709490.7435203,4173.2,4173.3,4173.250000
1758709490.993028,4173.2,4173.3,4173.250000
1758709491.6305766,4173.2,4173.3,4173.250000
1758709491.9476337,4173.2,4173.3,4173.250000
1758709492.2018752,4173.2,4173.3,4173.250000
1758709492.4841583,4173.2,4173.3,4173.250000
1758709492.7452793,4173.0,4173.2,4173.100000
1758709492.9978395,4173.0,4173.1,4173.050000
1758709493.3922265,4173.0,4173.1,4173.050000
1758709493.8018715,4173.0,4173.1,4173.050000
1758709494.069487,4173.0,4173.1,4173.050000
1758709494.3486845,4173.0,4173.1,4173.050000
1758709494.8416796,4173.0,4173.1,4173.050000
1758709495.1085238,4173.0,4173.1,4173.050000
1758709495.5181983,4172.6,4172.7,4172.650000
1758709495.777655,4172.6,4172.7,4172.650000
1758709496.1480634,4172.6,4172.7,4172.650000
1758709496.423362,4172.6,4172.7,4172.650000
1758709496.6944947,4172.6,4172.7,4172.650000
1758709496.9593675,4172.6,4172.7,4172.650000
1758709497.295037,4172.6,4172.7,4172.650000
1758709497.5746498,4172.6,4172.7,4172.650000
1758709497.831293,4172.6,4172.7,4172.650000
1758709498.5663533,4172.6,4172.7,4172.650000
1758709498.8403852,4172.6,4172.7,4172.650000
1758709499.5330977,4172.6,4172.7,4172.650000
1758709500.0161905,4172.6,4172.7,4172.650000
1758709500.3086517,4172.6,4172.7,4172.650000
1758709500.5713024,4172.6,4172.7,4172.650000
1758709500.9051728,4172.6,4172.7,4172.650000
1758709501.320996,4172.2,4172.6,4172.400000
1758709501.6106424,4172.2,4172.3,4172.250000
1758709501.9178479,4172.0,4172.2,4172.100000
1758709502.247443,4172.0,4172.1,4172.050000
1758709502.5477543,4172.0,4172.1,4172.050000
1758709502.8919222,4172.0,4172.1,4172.050000
1758709503.1987495,4172.0,4172.1,4172.050000
1758709503.4531362,4172.0,4172.1,4172.050000
1758709503.8723657,4172.0,4172.1,4172.050000
1758709504.240169,4172.0,4172.1,4172.050000
1758709504.5526276,4172.0,4172.1,4172.050000
1758709504.9998538,4172.0,4172.1,4172.050000
1758709505.2701232,4172.0,4172.1,4172.050000
1758709506.5689309,4172.0,4172.1,4172.050000
1758709507.0686667,4172.0,4172.1,4172.050000
1758709507.5433054,4172.0,4172.1,4172.050000
1758709508.141429,4172.0,4172.1,4172.050000
1758709508.7053068,4172.0,4172.1,4172.050000
1758709509.0644312,4171.9,4172.0,4171.950000
1758709509.3531063,4171.8,4171.9,4171.850000
1758709509.6031199,4171.8,4171.9,4171.850000
1758709509.87048,4171.8,4171.9,4171.850000
1758709510.1634355,4171.8,4171.9,4171.850000
1758709510.5497966,4171.8,4171.9,4171.850000
1758709510.8155253,4171.8,4171.9,4171.850000
1758709511.1278768,4171.8,4171.9,4171.850000
1758709511.4524043,4171.8,4171.9,4171.850000
1758709511.8138645,4171.8,4171.9,4171.850000
1758709512.33673,4171.8,4171.9,4171.850000
1758709512.5979495,4171.8,4171.9,4171.850000
1758709512.880391,4171.8,4171.9,4171.850000
1758709513.471769,4171.8,4171.9,4171.850000
1758709513.9224515,4171.8,4171.9,4171.850000
1758709514.1876945,4171.8,4171.9,4171.850000
1758709514.5090966,4171.8,4171.9,4171.850000
1758709514.7737062,4171.8,4171.9,4171.850000
1758709515.066217,4171.8,4171.9,4171.850000
1758709515.4996982,4171.8,4171.9,4171.850000
1758709516.0214193,4171.8,4171.9,4171.850000
1758709516.4408867,4171.8,4171.9,4171.850000
1758709517.071372,4171.8,4171.9,4171.850000
1758709517.4484763,4171.8,4171.9,4171.850000
1758709517.7690248,4171.8,4171.9,4171.850000
1758709518.091411,4171.8,4171.9,4171.850000
1758709518.4477985,4171.8,4171.9,4171.850000
1758709518.824127,4171.8,4171.9,4171.850000
1758709519.209211,4171.8,4171.9,4171.850000
1758709519.4662971,4171.8,4171.9,4171.850000
1758709519.9079087,4171.8,4171.9,4171.850000
1758709520.1649714,4171.8,4171.9,4171.850000
1758709520.4167144,4171.8,4171.9,4171.850000
1758709520.6865206,4171.8,4171.9,4171.850000
1758709521.0541837,4171.8,4171.9,4171.850000
1758709521.331939,4171.8,4171.9,4171.850000
1758709521.5942302,4171.8,4171.9,4171.850000
1758709521.9300754,4171.8,4171.9,4171.850000
1758709522.2623143,4171.8,4171.9,4171.850000
1758709522.5551782,4171.8,4171.9,4171.850000
1758709522.8429961,4171.8,4171.9,4171.850000
1758709523.1639009,4171.8,4171.9,4171.850000
1758709523.4181898,4171.8,4171.9,4171.850000
1758709523.68836,4171.8,4171.9,4171.850000
1758709524.0490706,4171.8,4171.9,4171.850000
1758709524.401912,4171.8,4171.9,4171.850000
1758709524.838729,4171.8,4171.9,4171.850000
1758709525.3054678,4171.8,4171.9,4171.850000
1758709525.568768,4171.8,4171.9,4171.850000
1758709525.8698444,4171.8,4171.9,4171.850000
1758709526.148089,4171.8,4171.9,4171.850000
1758709526.4569051,4171.8,4171.9,4171.850000
1758709526.8769355,4171.8,4171.9,4171.850000
1758709527.3735266,4171.8,4171.9,4171.850000
1758709527.6359422,4171.8,4171.9,4171.850000
1758709528.0445557,4171.6,4171.7,4171.650000
1758709528.414187,4171.6,4171.7,4171.650000
1758709528.6744032,4171.6,4171.7,4171.650000
1758709528.9322653,4171.5,4171.6,4171.550000
1758709529.3147967,4171.5,4171.6,4171.550000
1758709529.5755484,4171.5,4171.6,4171.550000
1758709529.8506851,4171.5,4171.6,4171.550000
1758709530.1850846,4171.0,4171.1,4171.050000
1758709530.4366791,4171.0,4171.1,4171.050000
1758709530.7087784,4171.0,4171.1,4171.050000
1758709531.2019613,4171.0,4171.1,4171.050000
1758709531.4235232,4170.7,4170.8,4170.750000
1758709531.6989543,4170.4,4170.5,4170.450000
1758709532.0331516,4170.4,4170.5,4170.450000
1758709532.285493,4170.3,4170.4,4170.350000
1758709532.5674727,4170.3,4170.4,4170.350000
1758709532.99397,4170.3,4170.4,4170.350000
1758709533.2674623,4170.3,4170.4,4170.350000
1758709533.4999971,4170.3,4170.4,4170.350000
1758709533.7545197,4170.3,4170.4,4170.350000
1758709534.0147576,4170.3,4170.4,4170.350000
1758709534.3994734,4170.3,4170.4,4170.350000
1758709534.6974833,4170.3,4170.4,4170.350000
1758709535.0327568,4170.0,4170.4,4170.200000
1758709535.321085,4170.0,4170.1,4170.050000
1758709535.8065798,4170.0,4170.1,4170.050000
1758709536.2487826,4169.7,4170.1,4169.900000
1758709536.5570836,4169.7,4169.9,4169.800000
1758709536.8440099,4169.7,4169.8,4169.750000
1758709537.159488,4169.7,4169.8,4169.750000
1758709537.4369624,4169.7,4169.8,4169.750000
1758709537.728621,4169.7,4169.8,4169.750000
1758709538.078893,4169.7,4169.8,4169.750000
1758709538.3667715,4169.7,4169.8,4169.750000
1758709538.7117891,4169.7,4169.8,4169.750000
1758709539.149052,4169.1,4169.8,4169.450000
1758709539.407102,4169.1,4169.3,4169.200000
1758709539.6972518,4169.2,4169.3,4169.250000
1758709540.098371,4169.2,4169.3,4169.250000
1758709540.381581,4169.2,4169.3,4169.250000
1758709540.6382978,4168.8,4169.0,4168.900000
1758709540.9167852,4168.8,4168.9,4168.850000
1758709541.1849391,4168.8,4168.9,4168.850000
1758709541.4431748,4168.8,4168.9,4168.850000
1758709541.7235546,4168.8,4168.9,4168.850000
1758709542.0165672,4168.8,4168.9,4168.850000
1758709542.3110068,4168.8,4168.9,4168.850000
1758709542.533675,4168.8,4168.9,4168.850000
1758709542.7962856,4168.8,4168.9,4168.850000
1758709543.084056,4168.8,4168.9,4168.850000
1758709543.5346055,4168.8,4168.9,4168.850000
1758709543.834798,4168.8,4168.9,4168.850000
1758709544.1139238,4168.8,4168.9,4168.850000
1758709544.5426366,4168.8,4168.9,4168.850000
1758709544.858613,4168.8,4168.9,4168.850000
1758709545.1155972,4168.8,4168.9,4168.850000
1758709545.567216,4168.8,4168.9,4168.850000
1758709545.8217313,4168.8,4168.9,4168.850000
1758709546.0865846,4168.8,4168.9,4168.850000
1758709546.4204419,4168.8,4168.9,4168.850000
1758709546.8190212,4168.8,4168.9,4168.850000
1758709547.1582704,4168.8,4168.9,4168.850000
1758709547.4286346,4168.8,4168.9,4168.850000
1758709547.6964526,4168.8,4168.9,4168.850000
1758709547.948309,4168.8,4168.9,4168.850000
1758709548.3923087,4168.8,4168.9,4168.850000
1758709548.724596,4168.8,4168.9,4168.850000
1758709549.2937856,4168.8,4168.9,4168.850000
1758709549.6092083,4168.8,4168.9,4168.850000
1758709549.939056,4168.8,4168.9,4168.850000
1758709550.3142848,4168.8,4168.9,4168.850000
1758709550.8390212,4168.8,4168.9,4168.850000
1758709551.0938642,4168.8,4168.9,4168.850000
1758709551.590887,4168.8,4168.9,4168.850000
1758709551.8450859,4168.8,4168.9,4168.850000
1758709552.1170661,4168.8,4168.9,4168.850000
1758709552.3712046,4168.8,4168.9,4168.850000
1758709552.628538,4168.8,4168.9,4168.850000
1758709553.070568,4168.8,4168.9,4168.850000
1758709553.4650252,4168.8,4168.9,4168.850000
1758709553.7550926,4168.7,4168.9,4168.800000
1758709554.0299551,4168.7,4168.8,4168.750000
1758709554.3276618,4168.7,4168.8,4168.750000
1758709554.5840044,4168.7,4168.8,4168.750000
1758709554.858169,4168.6,4168.8,4168.700000
1758709555.1079795,4168.6,4168.7,4168.650000
1758709555.4806426,4168.6,4168.7,4168.650000
1758709555.956498,4168.6,4168.7,4168.650000
1758709556.2433984,4168.6,4168.7,4168.650000
1758709556.5543385,4168.6,4168.7,4168.650000
1758709556.8973923,4168.6,4168.7,4168.650000
1758709557.241756,4168.5,4168.6,4168.550000
1758709557.5182116,4168.5,4168.6,4168.550000
1758709557.864987,4168.5,4168.6,4168.550000
1758709558.1293645,4168.5,4168.6,4168.550000
1758709558.4661996,4168.5,4168.6,4168.550000
1758709558.7225592,4168.5,4168.6,4168.550000
1758709559.0776145,4168.5,4168.6,4168.550000
1758709559.3862581,4168.5,4168.6,4168.550000
1758709559.7016878,4168.5,4168.6,4168.550000
1758709559.9931092,4168.5,4168.6,4168.550000
1758709560.3103502,4168.0,4168.1,4168.050000
1758709560.6475804,4168.0,4168.1,4168.050000
1758709560.9337165,4168.0,4168.1,4168.050000
1758709561.2292373,4168.0,4168.1,4168.050000
1758709561.5529635,4168.0,4168.1,4168.050000
1758709561.973158,4168.0,4168.1,4168.050000
1758709562.2387993,4168.0,4168.1,4168.050000
1758709562.5150485,4168.0,4168.1,4168.050000
1758709562.8503196,4168.0,4168.1,4168.050000
1758709563.2735724,4168.0,4168.1,4168.050000
1758709563.5431862,4167.8,4168.1,4167.950000
1758709563.9198546,4167.8,4167.9,4167.850000
1758709564.2215953,4167.8,4167.9,4167.850000
1758709564.5365987,4167.8,4167.9,4167.850000
1758709564.8539677,4167.8,4167.9,4167.850000
1758709565.2216356,4167.8,4167.9,4167.850000
1758709565.5613315,4167.8,4167.9,4167.850000
1758709565.8674998,4167.8,4167.9,4167.850000
1758709566.2893631,4167.8,4167.9,4167.850000
1758709566.4838338,4167.8,4167.9,4167.850000
1758709566.908857,4167.5,4167.6,4167.550000
1758709567.199269,4167.5,4167.6,4167.550000
1758709567.494983,4167.5,4167.6,4167.550000
1758709567.91956,4167.5,4167.6,4167.550000
1758709568.3641372,4167.5,4167.6,4167.550000
1758709568.670565,4167.5,4167.6,4167.550000
1758709568.9243038,4167.5,4167.6,4167.550000
1758709569.476512,4167.5,4167.6,4167.550000
1758709569.9141564,4167.5,4167.6,4167.550000
1758709570.2406886,4167.5,4167.6,4167.550000
1758709570.6088278,4167.5,4167.6,4167.550000
1758709570.9467468,4167.4,4167.5,4167.450000
1758709571.2176464,4167.3,4167.4,4167.350000
1758709571.555265,4167.3,4167.4,4167.350000
1758709571.8270938,4167.3,4167.4,4167.350000
1758709572.09844,4167.3,4167.4,4167.350000
1758709572.472229,4167.3,4167.4,4167.350000
1758709572.8258421,4167.1,4167.2,4167.150000
1758709573.083683,4167.1,4167.2,4167.150000
1758709573.3728306,4167.0,4167.2,4167.100000
1758709573.633648,4167.1,4167.2,4167.150000
1758709573.9150927,4167.0,4167.1,4167.050000
1758709574.25454,4167.0,4167.1,4167.050000
1758709574.5510945,4167.0,4167.1,4167.050000
1758709575.379506,4167.0,4167.1,4167.050000
1758709575.6701849,4167.0,4167.1,4167.050000
1758709575.9270313,4167.0,4167.1,4167.050000
1758709576.289357,4167.0,4167.1,4167.050000
1758709576.5541725,4167.0,4167.1,4167.050000
1758709576.8899388,4167.0,4167.1,4167.050000
1758709577.9035964,4167.0,4167.1,4167.050000
1758709578.2215633,4167.0,4167.1,4167.050000
1758709578.9093525,4167.0,4167.1,4167.050000
1758709579.5652716,4167.0,4167.1,4167.050000
1758709579.8210015,4167.0,4167.1,4167.050000
1758709580.0808845,4167.0,4167.1,4167.050000
1758709580.4353707,4167.0,4167.1,4167.050000
1758709581.0975657,4167.0,4167.1,4167.050000
1758709581.3661208,4167.0,4167.1,4167.050000
1758709581.6337254,4167.0,4167.1,4167.050000
1758709581.968899,4167.0,4167.1,4167.050000
1758709582.3178117,4167.0,4167.1,4167.050000
1758709582.5910556,4167.0,4167.1,4167.050000
1758709583.1143672,4167.0,4167.1,4167.050000
1758709583.3760993,4167.0,4167.1,4167.050000
1758709583.6309812,4167.0,4167.1,4167.050000
1758709584.0250607,4167.0,4167.1,4167.050000
1758709584.5623496,4167.0,4167.1,4167.050000
1758709584.837587,4167.1,4167.2,4167.150000
1758709585.1227658,4167.1,4167.2,4167.150000
1758709585.4091024,4167.1,4167.2,4167.150000
1758709585.762143,4167.1,4167.2,4167.150000
1758709586.0099208,4167.1,4167.2,4167.150000
1758709586.4347227,4167.1,4167.2,4167.150000
1758709586.892039,4167.1,4167.2,4167.150000
1758709587.2261846,4167.1,4167.2,4167.150000
1758709587.5224497,4167.1,4167.2,4167.150000
1758709587.805753,4167.1,4167.2,4167.150000
1758709588.082953,4167.1,4167.2,4167.150000
1758709588.375984,4167.2,4167.5,4167.350000
1758709588.6729321,4167.4,4167.5,4167.450000
1758709588.9456966,4167.4,4167.5,4167.450000
1758709589.2048013,4167.4,4167.5,4167.450000
1758709589.5901437,4167.4,4167.5,4167.450000
1758709590.0208342,4167.4,4167.5,4167.450000
1758709590.3811846,4167.4,4167.5,4167.450000
1758709590.666729,4167.4,4167.5,4167.450000
1758709590.9827316,4167.4,4167.5,4167.450000
1758709591.3557577,4167.4,4167.5,4167.450000
1758709591.6272285,4167.4,4167.5,4167.450000
1758709592.510903,4167.4,4167.5,4167.450000
1758709592.7653089,4167.4,4167.5,4167.450000
1758709593.035853,4167.4,4167.5,4167.450000
1758709593.2982044,4167.4,4167.5,4167.450000
1758709594.0392134,4167.4,4167.5,4167.450000
1758709594.3363843,4167.4,4167.5,4167.450000
1758709594.6457708,4167.4,4167.5,4167.450000
1758709594.9228325,4167.4,4167.5,4167.450000
1758709595.5267746,4167.4,4167.5,4167.450000
1758709595.791968,4167.4,4167.5,4167.450000
1758709596.0813065,4167.4,4167.5,4167.450000
1758709596.3624086,4167.4,4167.5,4167.450000
1758709596.7622657,4167.4,4167.5,4167.450000
1758709597.12482,4167.4,4167.5,4167.450000
1758709597.4320738,4167.4,4167.5,4167.450000
1758709598.709653,4167.4,4167.5,4167.450000
1758709599.2153704,4167.4,4167.5,4167.450000
1758709599.568626,4167.4,4167.5,4167.450000
1758709599.9632747,4167.7,4167.8,4167.750000
1758709600.2128634,4167.7,4167.8,4167.750000
1758709600.4635234,4167.7,4167.8,4167.750000
1758709600.719678,4167.7,4167.8,4167.750000
1758709600.9687133,4167.7,4167.8,4167.750000
1758709601.225035,4167.3,4167.5,4167.400000
1758709601.47764,4167.3,4167.4,4167.350000
1758709601.73589,4167.3,4167.4,4167.350000
1758709602.119019,4167.3,4167.4,4167.350000
1758709602.370774,4167.3,4167.4,4167.350000
1758709602.6724234,4167.3,4167.4,4167.350000
1758709602.929123,4167.3,4167.4,4167.350000
1758709603.1985445,4167.3,4167.4,4167.350000
1758709603.4697976,4167.3,4167.4,4167.350000
1758709603.7263734,4167.3,4167.4,4167.350000
1758709603.9820945,4167.3,4167.4,4167.350000
1758709604.2340066,4167.3,4167.4,4167.350000
1758709604.5062351,4167.3,4167.4,4167.350000
1758709605.0070238,4167.3,4167.4,4167.350000
1758709605.271996,4167.3,4167.4,4167.350000
1758709605.559319,4167.3,4167.4,4167.350000
1758709605.8302612,4167.3,4167.4,4167.350000
1758709606.270043,4167.3,4167.4,4167.350000
1758709606.6370645,4167.3,4167.4,4167.350000
1758709606.9431252,4167.3,4167.4,4167.350000
1758709607.225086,4167.3,4167.4,4167.350000
1758709607.4978201,4167.3,4167.4,4167.350000
1758709607.9640567,4167.3,4167.4,4167.350000
1758709608.2298036,4167.3,4167.4,4167.350000
1758709608.5203462,4167.3,4167.4,4167.350000
1758709608.8823519,4167.3,4167.4,4167.350000
1758709609.1819422,4167.3,4167.4,4167.350000
1758709609.4367256,4167.3,4167.4,4167.350000
1758709609.710185,4167.3,4167.4,4167.350000
1758709610.0840886,4167.3,4167.4,4167.350000
1758709610.3333488,4167.3,4167.4,4167.350000
1758709610.7163596,4167.3,4167.4,4167.350000
1758709610.9756155,4167.3,4167.4,4167.350000
1758709611.2546086,4167.3,4167.4,4167.350000
1758709611.515909,4167.3,4167.4,4167.350000
1758709612.4023888,4167.3,4167.4,4167.350000
1758709612.6648867,4167.3,4167.4,4167.350000
1758709612.9240623,4167.3,4167.4,4167.350000
1758709613.5565019,4167.3,4167.4,4167.350000
1758709614.186615,4167.3,4167.4,4167.350000
1758709614.511914,4167.3,4167.4,4167.350000
1758709614.7857907,4167.3,4167.4,4167.350000
1758709615.1460245,4167.3,4167.4,4167.350000
1758709615.415485,4167.3,4167.4,4167.350000
1758709615.7750673,4167.3,4167.4,4167.350000
1758709616.0279517,4167.3,4167.4,4167.350000
1758709616.322775,4167.3,4167.4,4167.350000
1758709616.5895646,4167.3,4167.4,4167.350000
1758709616.8733742,4167.3,4167.4,4167.350000
1758709617.2056324,4167.3,4167.4,4167.350000
1758709617.4787204,4167.3,4167.4,4167.350000
1758709617.747088,4167.3,4167.4,4167.350000
1758709618.0041552,4167.3,4167.4,4167.350000
1758709618.2879312,4167.3,4167.4,4167.350000
1758709618.6365037,4167.5,4167.6,4167.550000
1758709618.905505,4167.5,4167.6,4167.550000
1758709619.15703,4167.5,4167.6,4167.550000
1758709619.4401581,4167.5,4167.6,4167.550000
1758709619.7818427,4167.5,4167.6,4167.550000
1758709620.0505066,4167.5,4167.6,4167.550000
1758709620.5761895,4167.5,4167.6,4167.550000
1758709621.0141964,4167.5,4167.6,4167.550000
1758709621.2781634,4167.5,4167.6,4167.550000
1758709621.6219447,4167.5,4167.6,4167.550000
1758709622.049287,4167.5,4167.6,4167.550000
1758709622.308699,4167.5,4167.6,4167.550000
1758709622.5908308,4167.5,4167.6,4167.550000
1758709622.8856275,4167.5,4167.6,4167.550000
1758709623.1427343,4167.5,4167.6,4167.550000
1758709623.8864057,4167.5,4167.6,4167.550000
1758709624.8053432,4167.5,4167.6,4167.550000
1758709625.1546392,4167.5,4167.6,4167.550000
1758709625.472094,4167.5,4167.6,4167.550000
1758709625.7303326,4167.5,4167.6,4167.550000
1758709626.0138283,4167.5,4167.6,4167.550000
1758709626.710588,4167.5,4167.6,4167.550000
1758709626.998106,4167.5,4167.6,4167.550000
1758709627.6304276,4167.5,4167.6,4167.550000
1758709628.4435298,4167.5,4167.6,4167.550000
1758709629.0592456,4167.5,4167.6,4167.550000
1758709629.34561,4167.5,4167.6,4167.550000
1758709629.6258662,4167.5,4167.6,4167.550000
1758709630.03661,4167.5,4167.6,4167.550000
1758709630.4528983,4167.5,4167.6,4167.550000
1758709630.7888095,4167.5,4167.6,4167.550000
1758709631.0531163,4167.5,4167.6,4167.550000
1758709631.6036592,4167.5,4167.6,4167.550000
1758709631.8988628,4167.5,4167.6,4167.550000
1758709632.3977885,4167.5,4167.6,4167.550000
1758709632.6756344,4167.5,4167.6,4167.550000
1758709632.9855604,4167.5,4167.6,4167.550000
1758709633.2715325,4167.5,4167.6,4167.550000
1758709633.549771,4167.5,4167.6,4167.550000
1758709633.8145764,4167.5,4167.6,4167.550000
1758709634.1117363,4167.5,4167.6,4167.550000
1758709634.382153,4167.5,4167.6,4167.550000
1758709634.7547398,4167.5,4167.6,4167.550000
1758709635.617483,4167.5,4167.6,4167.550000
1758709635.9040792,4167.5,4167.6,4167.550000
1758709636.3047247,4167.5,4167.6,4167.550000
1758709636.6415708,4167.5,4167.6,4167.550000
1758709637.490009,4167.5,4167.6,4167.550000
1758709637.8828566,4167.5,4167.6,4167.550000
1758709638.5949676,4167.5,4167.6,4167.550000
1758709638.8984737,4167.5,4167.6,4167.550000
1758709639.2810059,4167.5,4167.6,4167.550000
1758709639.6461325,4167.5,4167.6,4167.550000
1758709639.9115274,4167.5,4167.6,4167.550000
1758709640.6708298,4167.5,4167.6,4167.550000
1758709640.94364,4167.5,4167.6,4167.550000
1758709641.2497253,4167.5,4167.6,4167.550000
1758709641.5778646,4167.5,4167.6,4167.550000
1758709641.9347253,4167.5,4167.6,4167.550000
1758709642.3827116,4167.5,4167.6,4167.550000
1758709642.6628287,4167.5,4167.6,4167.550000
1758709642.977678,4167.5,4167.6,4167.550000
1758709644.0978982,4167.5,4167.6,4167.550000
1758709644.929443,4167.5,4167.6,4167.550000
1758709645.1838765,4167.5,4167.6,4167.550000
1758709645.495884,4167.5,4167.6,4167.550000
1758709645.748767,4167.5,4167.6,4167.550000
1758709646.0051436,4167.5,4167.6,4167.550000
1758709647.2193594,4167.5,4167.6,4167.550000
1758709647.5089853,4167.5,4167.6,4167.550000
1758709647.9600399,4167.5,4167.6,4167.550000
1758709648.2871075,4167.5,4167.6,4167.550000
1758709648.5763102,4167.5,4167.6,4167.550000
1758709648.862107,4167.5,4167.6,4167.550000
1758709649.2352333,4167.5,4167.6,4167.550000
1758709649.7149484,4167.5,4167.6,4167.550000
1758709649.9953277,4167.5,4167.6,4167.550000
1758709650.3161068,4167.5,4167.6,4167.550000
1758709650.5825005,4167.5,4167.6,4167.550000
1758709651.2399967,4167.5,4167.6,4167.550000
1758709651.529551,4167.5,4167.6,4167.550000
1758709652.2820294,4167.5,4167.6,4167.550000
1758709652.6744754,4167.5,4167.6,4167.550000
1758709653.166235,4167.5,4167.6,4167.550000
1758709653.439649,4167.5,4167.6,4167.550000
1758709653.8070095,4167.5,4167.6,4167.550000
1758709654.070358,4167.5,4167.6,4167.550000
1758709654.4815168,4167.5,4167.6,4167.550000
1758709654.93569,4167.5,4167.6,4167.550000
1758709655.3204458,4167.5,4167.6,4167.550000
1758709655.7162943,4167.5,4167.6,4167.550000
1758709655.9807897,4167.5,4167.6,4167.550000
1758709656.764089,4167.5,4167.6,4167.550000
1758709657.0420742,4167.5,4167.6,4167.550000
1758709657.3537824,4167.5,4167.6,4167.550000
1758709657.6605563,4167.5,4167.6,4167.550000
1758709657.9152706,4167.5,4167.6,4167.550000
1758709658.373381,4167.5,4167.6,4167.550000
1758709659.0344183,4167.5,4167.6,4167.550000
1758709659.3076587,4167.5,4167.6,4167.550000
1758709659.5700998,4167.5,4167.6,4167.550000
1758709660.02039,4167.5,4167.6,4167.550000
1758709660.5740063,4167.5,4167.6,4167.550000
1758709661.0765448,4167.5,4167.6,4167.550000
1758709661.5813398,4167.5,4167.6,4167.550000
1758709662.351968,4167.5,4167.6,4167.550000
1758709662.640305,4167.5,4167.6,4167.550000
1758709662.971921,4167.5,4167.6,4167.550000
1758709663.522201,4167.5,4167.6,4167.550000
1758709663.784564,4167.5,4167.6,4167.550000
1758709664.1295578,4167.5,4167.6,4167.550000
1758709664.6409903,4167.5,4167.6,4167.550000
1758709664.890843,4167.5,4167.6,4167.550000
1758709665.6792517,4167.5,4167.6,4167.550000
1758709665.9460788,4167.5,4167.6,4167.550000
1758709666.2395444,4167.5,4167.6,4167.550000
1758709666.5552247,4167.5,4167.6,4167.550000
1758709667.1689324,4167.5,4167.6,4167.550000
1758709667.4209113,4167.5,4167.6,4167.550000
1758709667.8607423,4167.5,4167.6,4167.550000
1758709668.2254562,4167.5,4167.6,4167.550000
1758709668.632218,4167.5,4167.6,4167.550000
1758709668.9908378,4167.5,4167.6,4167.550000
1758709669.2791173,4167.5,4167.6,4167.550000
1758709669.5808375,4167.5,4167.6,4167.550000
1758709669.900854,4167.5,4167.6,4167.550000
1758709670.1644146,4167.5,4167.6,4167.550000
1758709670.490664,4167.5,4167.6,4167.550000
1758709670.9412005,4167.5,4167.6,4167.550000
1758709671.602047,4167.5,4167.6,4167.550000
1758709671.9742138,4167.5,4167.6,4167.550000
1758709672.2322552,4167.5,4167.6,4167.550000
1758709672.4994385,4167.5,4167.6,4167.550000
1758709672.8117728,4167.5,4167.6,4167.550000
1758709673.1013043,4167.5,4167.6,4167.550000
1758709673.3548396,4167.5,4167.6,4167.550000
1758709673.7043166,4167.5,4167.6,4167.550000
1758709673.9381495,4167.5,4167.6,4167.550000
1758709674.19963,4167.3,4167.4,4167.350000
1758709674.4518359,4167.3,4167.4,4167.350000
1758709674.73109,4167.3,4167.4,4167.350000
1758709674.997179,4167.3,4167.4,4167.350000
1758709675.484684,4167.3,4167.4,4167.350000
1758709675.7451093,4167.3,4167.4,4167.350000
1758709676.0044816,4167.3,4167.4,4167.350000
1758709676.323373,4167.3,4167.4,4167.350000
1758709676.6913254,4167.3,4167.4,4167.350000
1758709677.0589702,4167.3,4167.4,4167.350000
1758709677.8063586,4167.3,4167.4,4167.350000
1758709678.0829778,4167.3,4167.4,4167.350000
1758709678.3849516,4167.3,4167.4,4167.350000
1758709678.9536443,4167.3,4167.4,4167.350000
1758709679.2365668,4167.3,4167.4,4167.350000
1758709679.7468424,4167.3,4167.4,4167.350000
1758709680.0284562,4167.3,4167.4,4167.350000
1758709680.4166877,4167.3,4167.4,4167.350000
1758709680.760996,4167.3,4167.4,4167.350000
1758709681.3431091,4167.3,4167.4,4167.350000
1758709681.5922093,4167.3,4167.4,4167.350000
1758709681.913079,4167.3,4167.4,4167.350000
1758709682.213656,4167.3,4167.4,4167.350000
1758709682.577103,4167.3,4167.4,4167.350000
1758709683.1329489,4167.3,4167.4,4167.350000
1758709683.5429757,4167.3,4167.4,4167.350000
1758709684.5499465,4167.3,4167.4,4167.350000
1758709684.8243551,4167.3,4167.4,4167.350000
1758709685.2683759,4167.3,4167.4,4167.350000
1758709685.6402645,4167.3,4167.4,4167.350000
1758709685.9414701,4167.3,4167.4,4167.350000
1758709686.190987,4167.3,4167.4,4167.350000
1758709686.6915758,4167.3,4167.4,4167.350000
1758709686.9544213,4167.3,4167.4,4167.350000
1758709687.554789,4167.3,4167.4,4167.350000
1758709688.2906983,4167.3,4167.4,4167.350000
1758709688.5524411,4167.3,4167.4,4167.350000
1758709688.9811478,4167.3,4167.4,4167.350000
1758709689.2718682,4167.3,4167.4,4167.350000
1758709689.7597616,4167.3,4167.4,4167.350000
1758709690.1293237,4167.3,4167.4,4167.350000
1758709690.4734726,4167.3,4167.4,4167.350000
1758709690.7530859,4167.3,4167.4,4167.350000
1758709691.0747685,4167.3,4167.4,4167.350000
1758709691.400431,4167.3,4167.4,4167.350000
1758709691.758643,4167.3,4167.4,4167.350000
1758709692.0118897,4167.3,4167.4,4167.350000
1758709692.3122315,4167.3,4167.4,4167.350000
1758709692.5907407,4167.3,4167.4,4167.350000
1758709693.0046067,4167.3,4167.4,4167.350000
1758709693.272802,4166.1,4166.2,4166.150000
1758709693.5625675,4166.1,4166.2,4166.150000
1758709693.821548,4166.1,4166.2,4166.150000
1758709694.213066,4166.1,4166.2,4166.150000
1758709694.4704397,4166.1,4166.2,4166.150000
1758709694.8055794,4166.1,4166.2,4166.150000
1758709695.0840337,4166.1,4166.2,4166.150000
1758709695.3448613,4166.0,4166.1,4166.050000
1758709695.5955932,4166.0,4166.1,4166.050000
1758709695.851196,4166.0,4166.1,4166.050000
1758709696.1873446,4166.0,4166.1,4166.050000
1758709696.441553,4166.0,4166.1,4166.050000
1758709696.7570243,4166.0,4166.1,4166.050000
1758709697.2158985,4166.0,4166.1,4166.050000
1758709697.481621,4166.0,4166.1,4166.050000
1758709697.8424976,4166.0,4166.1,4166.050000
1758709698.1434689,4166.0,4166.1,4166.050000
1758709698.6475267,4166.0,4166.1,4166.050000
1758709699.0369313,4166.0,4166.1,4166.050000
1758709699.3190181,4166.0,4166.1,4166.050000
1758709699.6338122,4166.0,4166.1,4166.050000
1758709699.957137,4166.0,4166.1,4166.050000
1758709700.2335775,4166.0,4166.1,4166.050000
1758709700.5066338,4165.9,4166.0,4165.950000
1758709700.9117455,4165.9,4166.0,4165.950000
1758709701.4313474,4165.9,4166.0,4165.950000
1758709701.706101,4165.9,4166.0,4165.950000
1758709702.1390986,4165.9,4166.0,4165.950000
1758709702.3941,4165.9,4166.0,4165.950000
1758709702.6977782,4166.0,4166.1,4166.050000
1758709702.9685192,4166.0,4166.1,4166.050000
1758709703.352252,4166.0,4166.1,4166.050000
1758709703.6848657,4166.0,4166.1,4166.050000
1758709703.9347565,4166.0,4166.1,4166.050000
1758709704.2795699,4166.0,4166.1,4166.050000
1758709704.5465612,4166.0,4166.1,4166.050000
1758709704.833839,4166.0,4166.1,4166.050000
1758709705.2503004,4166.0,4166.1,4166.050000
1758709705.5841851,4166.0,4166.1,4166.050000
1758709705.8435516,4166.0,4166.1,4166.050000
1758709706.1572344,4166.0,4166.1,4166.050000
1758709706.4917448,4166.0,4166.1,4166.050000
1758709707.0754762,4166.0,4166.1,4166.050000
1758709707.4610975,4166.0,4166.1,4166.050000
1758709707.7230215,4166.0,4166.1,4166.050000
1758709707.9993997,4166.0,4166.1,4166.050000
1758709708.5964358,4166.0,4166.1,4166.050000
1758709708.883095,4166.0,4166.1,4166.050000
1758709709.189232,4166.0,4166.1,4166.050000
1758709709.8389492,4166.0,4166.1,4166.050000
1758709710.1718624,4166.0,4166.1,4166.050000
1758709710.7764823,4166.0,4166.1,4166.050000
1758709711.2294192,4166.0,4166.1,4166.050000
1758709711.5901268,4166.0,4166.1,4166.050000
1758709712.1373196,4166.0,4166.1,4166.050000
1758709712.4346185,4166.0,4166.1,4166.050000
1758709712.7662408,4166.0,4166.1,4166.050000
1758709713.1668231,4166.0,4166.1,4166.050000
1758709713.4822607,4166.0,4166.1,4166.050000
1758709713.858323,4166.0,4166.1,4166.050000
1758709714.111285,4166.0,4166.1,4166.050000
1758709714.3609908,4166.0,4166.1,4166.050000
1758709714.6908796,4166.0,4166.1,4166.050000
1758709714.9718122,4166.0,4166.1,4166.050000
1758709715.3415005,4166.0,4166.1,4166.050000
1758709715.8429325,4166.0,4166.1,4166.050000
1758709716.908182,4166.0,4166.1,4166.050000
1758709717.2862413,4166.0,4166.1,4166.050000
1758709717.5675173,4166.0,4166.1,4166.050000
1758709718.0667572,4166.0,4166.1,4166.050000
1758709718.3665864,4166.0,4166.1,4166.050000
1758709718.7220807,4166.0,4166.1,4166.050000
1758709719.1786842,4166.0,4166.1,4166.050000
1758709719.5005307,4166.0,4166.1,4166.050000
1758709720.0010614,4166.0,4166.1,4166.050000
1758709720.5777678,4166.0,4166.1,4166.050000
1758709721.2269387,4166.0,4166.1,4166.050000
1758709721.529711,4166.0,4166.1,4166.050000
1758709721.9465377,4166.0,4166.1,4166.050000
1758709722.2362623,4166.0,4166.1,4166.050000
1758709722.510677,4166.0,4166.1,4166.050000
1758709722.9616055,4166.0,4166.1,4166.050000
1758709723.4377048,4166.0,4166.1,4166.050000
1758709724.012728,4166.0,4166.1,4166.050000
1758709724.2970192,4166.0,4166.1,4166.050000
1758709724.669643,4166.0,4166.1,4166.050000
1758709725.5523171,4166.0,4166.1,4166.050000
1758709725.834166,4166.0,4166.1,4166.050000
1758709726.0905776,4166.0,4166.1,4166.050000
1758709726.3411098,4166.0,4166.1,4166.050000
1758709726.6032448,4166.0,4166.1,4166.050000
1758709726.877719,4166.0,4166.1,4166.050000
1758709727.3259358,4166.0,4166.1,4166.050000
1758709727.6768508,4166.0,4166.1,4166.050000
1758709727.9353833,4166.0,4166.1,4166.050000
1758709728.6392217,4166.0,4166.1,4166.050000
1758709728.8950696,4166.0,4166.1,4166.050000
1758709729.1542933,4166.0,4166.1,4166.050000
1758709729.4416504,4166.0,4166.1,4166.050000
1758709729.9577892,4166.0,4166.1,4166.050000
1758709730.708203,4166.0,4166.1,4166.050000
1758709730.9755406,4166.0,4166.1,4166.050000
1758709731.5070927,4166.0,4166.1,4166.050000
1758709732.0736425,4166.0,4166.1,4166.050000
1758709732.4908297,4166.0,4166.1,4166.050000
1758709732.802244,4166.0,4166.1,4166.050000
1758709733.7442687,4166.0,4166.1,4166.050000
1758709734.4100857,4166.0,4166.1,4166.050000
1758709735.2495718,4166.0,4166.1,4166.050000
1758709735.5392847,4166.0,4166.1,4166.050000
1758709735.8184507,4166.0,4166.1,4166.050000
1758709736.094091,4166.0,4166.1,4166.050000
1758709737.1681767,4166.0,4166.1,4166.050000
1758709737.4626179,4166.0,4166.1,4166.050000
1758709738.0693018,4166.0,4166.1,4166.050000
1758709738.5451021,4166.0,4166.1,4166.050000
1758709738.803281,4166.0,4166.1,4166.050000
1758709739.053152,4166.0,4166.1,4166.050000
1758709739.5322483,4166.0,4166.1,4166.050000
1758709739.9258194,4166.0,4166.1,4166.050000
1758709740.326397,4166.0,4166.1,4166.050000
1758709740.5950525,4166.0,4166.1,4166.050000
1758709740.86365,4166.0,4166.1,4166.050000
1758709741.2894716,4166.0,4166.1,4166.050000
1758709741.5725036,4166.0,4166.1,4166.050000
1758709741.8764038,4166.0,4166.1,4166.050000
1758709742.1967783,4166.0,4166.1,4166.050000
1758709742.482995,4166.0,4166.1,4166.050000
1758709742.795482,4166.0,4166.1,4166.050000
1758709743.1664987,4166.0,4166.1,4166.050000
1758709743.5291646,4166.0,4166.1,4166.050000
1758709743.8221233,4166.0,4166.1,4166.050000
1758709744.0756726,4166.0,4166.1,4166.050000
1758709744.403239,4166.0,4166.1,4166.050000
1758709744.974691,4166.0,4166.1,4166.050000
1758709745.378012,4166.0,4166.1,4166.050000
1758709745.7164176,4166.0,4166.1,4166.050000
1758709746.3307545,4166.0,4166.1,4166.050000
1758709746.6783633,4166.0,4166.1,4166.050000
1758709747.5745347,4166.0,4166.1,4166.050000
1758709747.9094524,4166.0,4166.1,4166.050000
1758709748.2062252,4166.0,4166.1,4166.050000
1758709748.860638,4166.0,4166.1,4166.050000
1758709749.1451886,4166.0,4166.1,4166.050000
1758709749.7144206,4166.0,4166.1,4166.050000
1758709750.0712216,4166.0,4166.1,4166.050000
1758709750.5536118,4166.0,4166.1,4166.050000
1758709750.862253,4166.0,4166.1,4166.050000
1758709751.1358259,4166.0,4166.1,4166.050000
1758709751.388334,4166.0,4166.1,4166.050000
1758709751.6621509,4166.0,4166.1,4166.050000
1758709752.0783505,4166.0,4166.1,4166.050000
1758709752.4770794,4166.0,4166.1,4166.050000
1758709752.79627,4166.0,4166.1,4166.050000
1758709753.100166,4166.0,4166.1,4166.050000
1758709753.557328,4166.0,4166.1,4166.050000
1758709753.8697402,4166.0,4166.1,4166.050000
1758709754.295896,4166.0,4166.1,4166.050000
1758709754.5630715,4166.0,4166.1,4166.050000
1758709754.8228219,4166.0,4166.1,4166.050000
1758709755.1409721,4166.0,4166.1,4166.050000
1758709755.521384,4166.0,4166.1,4166.050000
1758709755.8062823,4166.0,4166.1,4166.050000
1758709756.0719197,4166.0,4166.1,4166.050000
1758709756.4773598,4166.0,4166.1,4166.050000
1758709757.0057259,4166.0,4166.1,4166.050000
1758709757.6939006,4166.0,4166.1,4166.050000
1758709758.0129778,4166.0,4166.1,4166.050000
1758709758.851019,4166.0,4166.1,4166.050000
1758709759.1384196,4166.0,4166.1,4166.050000
1758709759.5865831,4166.0,4166.1,4166.050000
1758709760.277286,4166.0,4166.1,4166.050000
1758709760.734131,4166.0,4166.1,4166.050000
1758709761.8606608,4166.0,4166.1,4166.050000
1758709762.208026,4166.0,4166.1,4166.050000
1758709762.4662237,4166.0,4166.1,4166.050000
1758709762.9566376,4166.0,4166.1,4166.050000
1758709763.240013,4166.0,4166.1,4166.050000
1758709763.563289,4166.0,4166.1,4166.050000
1758709763.8334568,4166.0,4166.1,4166.050000
1758709764.206271,4166.0,4166.1,4166.050000
1758709764.604946,4166.0,4166.1,4166.050000
1758709764.8663945,4166.0,4166.1,4166.050000
1758709765.2591355,4166.0,4166.1,4166.050000
1758709765.5131361,4166.0,4166.1,4166.050000
1758709765.7952814,4166.0,4166.1,4166.050000
1758709766.9353418,4166.0,4166.1,4166.050000
1758709767.4411988,4166.0,4166.1,4166.050000
1758709767.7148361,4166.0,4166.1,4166.050000
1758709768.0773277,4166.0,4166.1,4166.050000
1758709768.4420042,4166.0,4166.1,4166.050000
1758709768.7329001,4166.0,4166.1,4166.050000
1758709769.043295,4166.0,4166.1,4166.050000
1758709769.453488,4166.0,4166.1,4166.050000
1758709769.7168458,4166.0,4166.1,4166.050000
1758709769.9775548,4166.0,4166.1,4166.050000
1758709770.9933705,4166.0,4166.1,4166.050000
1758709771.2887022,4166.0,4166.1,4166.050000
1758709771.5928452,4166.0,4166.1,4166.050000
1758709772.0551379,4166.0,4166.1,4166.050000
1758709772.4677427,4166.0,4166.1,4166.050000
1758709772.9171934,4166.0,4166.1,4166.050000
1758709773.3249044,4166.0,4166.1,4166.050000
1758709774.0217845,4166.0,4166.1,4166.050000
1758709774.5518138,4166.0,4166.1,4166.050000
1758709774.8320744,4166.0,4166.1,4166.050000
1758709775.130018,4166.0,4166.1,4166.050000
1758709775.4147313,4166.0,4166.1,4166.050000
1758709775.7137575,4166.0,4166.1,4166.050000
1758709776.095956,4166.0,4166.1,4166.050000
1758709776.690494,4166.0,4166.1,4166.050000
1758709777.1956162,4166.0,4166.1,4166.050000
1758709777.4753828,4166.0,4166.1,4166.050000
1758709777.931279,4166.0,4166.1,4166.050000
1758709778.2202158,4166.0,4166.1,4166.050000
1758709778.5512254,4166.0,4166.1,4166.050000
1758709778.8313336,4166.0,4166.1,4166.050000
1758709779.1271207,4166.0,4166.1,4166.050000
1758709779.7504797,4166.0,4166.1,4166.050000
1758709780.071688,4166.0,4166.1,4166.050000
1758709780.373527,4166.0,4166.1,4166.050000
1758709780.7472982,4166.0,4166.1,4166.050000
1758709781.0201514,4166.0,4166.1,4166.050000
1758709781.2870805,4166.0,4166.1,4166.050000
1758709781.9089837,4166.0,4166.1,4166.050000
1758709782.2826226,4166.0,4166.1,4166.050000
1758709782.6918044,4166.0,4166.1,4166.050000
1758709782.9991996,4166.0,4166.1,4166.050000
1758709783.5809143,4166.0,4166.1,4166.050000
1758709783.9931746,4166.0,4166.1,4166.050000
1758709784.3727527,4166.0,4166.1,4166.050000
1758709784.9575562,4166.0,4166.1,4166.050000
1758709785.2977703,4166.0,4166.1,4166.050000
1758709785.7819414,4166.0,4166.1,4166.050000
1758709786.0679545,4166.0,4166.1,4166.050000
1758709786.5508192,4166.0,4166.1,4166.050000
1758709786.9708643,4166.0,4166.1,4166.050000
1758709787.3204699,4166.0,4166.1,4166.050000
1758709787.574721,4166.0,4166.1,4166.050000
1758709787.8876286,4166.0,4166.1,4166.050000
1758709788.4536602,4166.0,4166.1,4166.050000
1758709788.8288193,4166.0,4166.1,4166.050000
1758709789.0946102,4166.0,4166.1,4166.050000
1758709789.3572457,4166.0,4166.1,4166.050000
1758709789.7680223,4166.0,4166.1,4166.050000
1758709790.434982,4166.0,4166.1,4166.050000
1758709791.021981,4166.0,4166.1,4166.050000
1758709791.8290668,4166.0,4166.1,4166.050000
1758709792.0968926,4166.0,4166.1,4166.050000
1758709792.4547594,4166.0,4166.1,4166.050000
1758709792.810017,4166.0,4166.1,4166.050000
1758709793.0875647,4166.0,4166.1,4166.050000
1758709793.6559777,4166.0,4166.1,4166.050000
1758709795.1434033,4166.0,4166.1,4166.050000
1758709795.399893,4166.0,4166.1,4166.050000
1758709795.7822711,4166.0,4166.1,4166.050000
1758709796.1851869,4166.0,4166.1,4166.050000
1758709796.8294978,4166.0,4166.1,4166.050000
1758709797.3262472,4166.0,4166.1,4166.050000
1758709797.6013148,4166.0,4166.1,4166.050000
1758709798.0553858,4166.0,4166.1,4166.050000
1758709798.381986,4166.0,4166.1,4166.050000
1758709798.6984103,4166.0,4166.1,4166.050000
1758709798.9801672,4166.0,4166.1,4166.050000
1758709799.5594456,4166.0,4166.1,4166.050000
1758709799.840816,4166.0,4166.1,4166.050000
1758709800.1305254,4166.0,4166.1,4166.050000
1758709800.8280654,4166.0,4166.1,4166.050000
1758709801.1064084,4166.0,4166.1,4166.050000
1758709801.3630288,4166.0,4166.1,4166.050000
1758709801.6789336,4166.0,4166.1,4166.050000
1758709801.9602797,4166.0,4166.1,4166.050000
1758709802.3297215,4166.0,4166.1,4166.050000
1758709802.9653893,4166.0,4166.1,4166.050000
1758709803.5458305,4166.0,4166.1,4166.050000
1758709804.073951,4166.0,4166.1,4166.050000
1758709804.4120975,4166.0,4166.1,4166.050000
1758709804.797669,4166.0,4166.1,4166.050000
1758709805.0588157,4166.0,4166.1,4166.050000
1758709805.340519,4166.0,4166.1,4166.050000
1758709805.6512609,4166.0,4166.1,4166.050000
1758709806.0271614,4166.0,4166.1,4166.050000
1758709806.625207,4166.0,4166.1,4166.050000
1758709807.0270824,4166.0,4166.1,4166.050000
1758709807.3447652,4166.0,4166.1,4166.050000
1758709808.1356828,4166.0,4166.1,4166.050000
1758709808.6600752,4166.0,4166.1,4166.050000
1758709809.0494006,4166.0,4166.1,4166.050000
1758709809.3014958,4166.0,4166.1,4166.050000
1758709810.073785,4166.0,4166.1,4166.050000
1758709810.7676334,4166.0,4166.1,4166.050000
1758709810.7684338,4166.0,4166.1,4166.050000
1758709811.3025892,4166.0,4166.1,4166.050000
1758709811.7839248,4166.0,4166.1,4166.050000
1758709812.038173,4166.0,4166.1,4166.050000
1758709812.3452268,4166.0,4166.1,4166.050000
1758709812.583119,4166.0,4166.1,4166.050000
1758709813.1085794,4166.0,4166.1,4166.050000
1758709813.5674086,4166.0,4166.1,4166.050000
1758709813.9491186,4166.0,4166.1,4166.050000
1758709814.316265,4166.0,4166.1,4166.050000
1758709814.5732977,4166.0,4166.1,4166.050000
1758709814.8682873,4166.0,4166.1,4166.050000
1758709815.4872227,4166.0,4166.1,4166.050000
1758709815.7383893,4166.0,4166.1,4166.050000
1758709816.0729449,4166.0,4166.1,4166.050000
1758709816.5951483,4166.0,4166.1,4166.050000
1758709816.9655223,4166.0,4166.1,4166.050000
1758709817.3909101,4166.0,4166.1,4166.050000
1758709817.663922,4166.0,4166.1,4166.050000
1758709818.2795486,4166.0,4166.1,4166.050000
1758709818.8177533,4166.0,4166.1,4166.050000
1758709819.1649797,4166.0,4166.1,4166.050000
1758709819.516932,4166.0,4166.1,4166.050000
1758709819.7895217,4166.0,4166.1,4166.050000
1758709820.355609,4166.0,4166.1,4166.050000
1758709820.670653,4166.0,4166.1,4166.050000
1758709820.950549,4166.0,4166.1,4166.050000
1758709821.2905369,4165.1,4165.2,4165.150000
1758709821.5338848,4164.2,4165.1,4164.650000
1758709821.8054473,4164.0,4164.2,4164.100000
1758709822.0859444,4163.5,4163.6,4163.550000
1758709822.4246254,4163.5,4163.6,4163.550000
1758709822.704806,4162.2,4163.6,4162.900000
1758709822.9618309,4162.2,4162.3,4162.250000
1758709823.2450159,4162.2,4162.4,4162.300000
1758709823.5552492,4162.2,4162.3,4162.250000
1758709823.844604,4162.2,4162.3,4162.250000
1758709824.110175,4162.2,4162.3,4162.250000
1758709824.3901362,4162.2,4162.3,4162.250000
1758709824.672002,4163.1,4163.2,4163.150000
1758709824.9456713,4163.2,4163.3,4163.250000
1758709825.258164,4163.8,4163.9,4163.850000
1758709825.519795,4164.1,4164.3,4164.200000
1758709825.847961,4164.3,4164.5,4164.400000
1758709826.10923,4164.3,4164.4,4164.350000
1758709826.3787837,4164.3,4164.4,4164.350000
1758709826.6506248,4165.1,4165.2,4165.150000
1758709826.955048,4165.1,4165.2,4165.150000
1758709827.3057191,4165.1,4165.2,4165.150000
1758709827.8004606,4165.1,4165.2,4165.150000
1758709828.0866508,4165.1,4165.2,4165.150000
1758709828.4094791,4165.1,4165.2,4165.150000
1758709828.6645417,4165.1,4165.2,4165.150000
1758709828.9518328,4165.1,4165.2,4165.150000
1758709829.3513587,4165.1,4165.2,4165.150000
1758709829.6638715,4165.1,4165.2,4165.150000
1758709829.9379237,4165.1,4165.2,4165.150000
1758709830.2285566,4165.1,4165.2,4165.150000
1758709830.521248,4165.1,4165.2,4165.150000
1758709830.857355,4165.1,4165.2,4165.150000
1758709831.4783092,4165.1,4165.2,4165.150000
1758709831.7411106,4165.1,4165.3,4165.200000
1758709832.0154312,4165.3,4165.4,4165.350000
1758709832.2845232,4165.5,4165.6,4165.550000
1758709832.6344163,4165.5,4165.6,4165.550000
1758709832.9421701,4165.5,4165.6,4165.550000
1758709833.3414972,4165.5,4165.6,4165.550000
1758709833.713037,4165.5,4165.6,4165.550000
1758709833.9998536,4165.5,4165.6,4165.550000
1758709834.490815,4165.5,4165.6,4165.550000
1758709834.9071891,4165.5,4165.7,4165.600000
1758709837.6161735,4165.5,4165.6,4165.550000
1758709838.3873675,4165.5,4165.6,4165.550000
1758709838.3890662,4165.5,4165.6,4165.550000
1758709838.3949733,4165.5,4165.6,4165.550000
1758709838.3980856,4165.5,4165.6,4165.550000
1758709838.4001155,4165.5,4165.6,4165.550000
1758709838.4045198,4165.5,4165.6,4165.550000
1758709838.406776,4165.5,4165.6,4165.550000
1758709838.4086297,4165.5,4165.6,4165.550000
1758709838.4096823,4165.5,4165.6,4165.550000
1758709838.4110384,4165.5,4165.6,4165.550000
1758709838.6197336,4165.3,4165.4,4165.350000
1758709838.9001498,4165.2,4165.3,4165.250000
1758709839.1949327,4165.2,4165.3,4165.250000
1758709839.428577,4165.2,4165.3,4165.250000
1758709839.879843,4165.2,4165.3,4165.250000
1758709840.372572,4165.2,4165.3,4165.250000
1758709840.71138,4165.2,4165.3,4165.250000
1758709840.9914012,4164.8,4164.9,4164.850000
1758709841.2405589,4164.8,4164.9,4164.850000
1758709841.6500745,4164.8,4164.9,4164.850000
1758709841.948467,4164.8,4164.9,4164.850000
1758709842.364535,4164.8,4164.9,4164.850000
1758709842.5616808,4164.8,4164.9,4164.850000
1758709843.062509,4164.8,4164.9,4164.850000
1758709843.3771386,4164.8,4164.9,4164.850000
1758709843.690975,4164.8,4164.9,4164.850000
1758709843.9814737,4164.8,4164.9,4164.850000
1758709844.3192797,4164.8,4164.9,4164.850000
1758709844.7394147,4164.8,4164.9,4164.850000
1758709845.146933,4164.8,4164.9,4164.850000
1758709845.5076296,4164.8,4164.9,4164.850000
1758709845.8977077,4164.8,4164.9,4164.850000
1758709846.5642235,4164.8,4164.9,4164.850000
1758709847.039735,4164.8,4164.9,4164.850000
1758709847.324071,4164.8,4164.9,4164.850000
1758709847.6760964,4164.8,4164.9,4164.850000
1758709848.3091738,4164.8,4164.9,4164.850000
1758709848.6052873,4164.8,4164.9,4164.850000
1758709848.9473987,4164.8,4164.9,4164.850000
1758709849.2136884,4165.0,4165.1,4165.050000
1758709849.4914184,4165.0,4165.1,4165.050000
1758709849.7596586,4165.0,4165.1,4165.050000
1758709850.0292568,4165.0,4165.1,4165.050000
1758709850.3733838,4165.1,4165.3,4165.200000
1758709850.632443,4165.2,4165.3,4165.250000
1758709850.9550889,4165.2,4165.3,4165.250000
1758709851.345359,4165.2,4165.3,4165.250000
1758709851.5164547,4165.2,4165.3,4165.250000
1758709851.7733808,4165.2,4165.3,4165.250000
1758709852.221419,4165.2,4165.3,4165.250000
1758709852.4898007,4165.2,4165.3,4165.250000
1758709852.964631,4165.2,4165.3,4165.250000
1758709853.2858179,4165.2,4165.3,4165.250000
1758709853.5619442,4165.2,4165.3,4165.250000
1758709853.8236818,4165.2,4165.3,4165.250000
1758709854.3230703,4165.2,4165.3,4165.250000
1758709854.7395601,4165.2,4165.3,4165.250000
1758709855.5161016,4165.2,4165.3,4165.250000
1758709855.7839174,4165.2,4165.3,4165.250000
1758709856.2633595,4165.2,4165.3,4165.250000
1758709856.5445614,4165.2,4165.3,4165.250000
1758709856.7967548,4165.3,4165.4,4165.350000
1758709857.0482025,4165.4,4165.5,4165.450000
1758709857.3532524,4165.4,4165.5,4165.450000
1758709857.649559,4165.4,4165.5,4165.450000
1758709858.0136778,4165.4,4165.5,4165.450000
1758709858.3408725,4165.5,4165.6,4165.550000
1758709858.6905966,4165.5,4165.6,4165.550000
1758709858.9852219,4165.5,4165.6,4165.550000
1758709859.3579175,4165.5,4165.6,4165.550000
1758709859.6078608,4165.5,4165.6,4165.550000
1758709860.0321584,4165.5,4165.6,4165.550000
1758709860.794464,4165.5,4165.6,4165.550000
1758709860.800721,4165.5,4165.6,4165.550000
1758709861.3644512,4165.5,4165.6,4165.550000
1758709861.953098,4165.5,4165.6,4165.550000
1758709861.9595392,4165.5,4165.6,4165.550000
1758709862.550751,4165.5,4165.6,4165.550000
1758709862.6192365,4165.5,4165.6,4165.550000
1758709863.0786438,4165.5,4165.6,4165.550000
1758709863.6514876,4165.5,4165.6,4165.550000
1758709863.654874,4165.5,4165.6,4165.550000
1758709864.1481702,4165.5,4165.6,4165.550000
1758709864.2251444,4165.5,4165.6,4165.550000
1758709864.5643213,4165.5,4165.6,4165.550000
1758709865.216063,4165.5,4165.6,4165.550000
1758709865.5903995,4165.5,4165.6,4165.550000
1758709865.8648462,4165.5,4165.6,4165.550000
1758709866.307897,4165.6,4165.7,4165.650000
1758709866.5204196,4165.7,4165.8,4165.750000
1758709866.8093066,4165.7,4165.8,4165.750000
1758709867.0592782,4165.7,4165.8,4165.750000
1758709867.4759943,4165.7,4165.8,4165.750000
1758709867.724684,4165.7,4165.8,4165.750000
1758709867.977903,4165.7,4165.8,4165.750000
1758709868.3033097,4165.7,4165.8,4165.750000
1758709868.564432,4165.7,4165.8,4165.750000
1758709868.8305354,4165.7,4165.8,4165.750000
1758709869.1297293,4165.7,4165.8,4165.750000
1758709869.430923,4165.7,4165.8,4165.750000
1758709869.8012443,4165.7,4165.8,4165.750000
1758709870.0716975,4165.7,4165.8,4165.750000
1758709870.4033957,4165.7,4165.8,4165.750000
1758709870.7744696,4165.7,4165.8,4165.750000
1758709871.4725113,4165.7,4165.8,4165.750000
1758709871.8141892,4165.7,4165.8,4165.750000
1758709872.398918,4165.7,4165.8,4165.750000
1758709872.5260859,4165.7,4165.8,4165.750000
1758709872.838468,4165.7,4165.8,4165.750000
1758709873.284671,4165.7,4165.8,4165.750000
1758709873.5730636,4165.7,4165.8,4165.750000
1758709874.147247,4165.7,4165.8,4165.750000
1758709874.402487,4165.7,4165.8,4165.750000
1758709874.776678,4165.7,4165.8,4165.750000
1758709875.5526338,4165.7,4165.8,4165.750000
1758709875.8504353,4165.7,4165.8,4165.750000
1758709876.1049037,4165.7,4165.8,4165.750000
1758709876.367832,4165.7,4165.8,4165.750000
1758709876.6425474,4165.7,4165.8,4165.750000
1758709876.9902146,4165.7,4165.8,4165.750000
1758709877.2815912,4165.7,4165.8,4165.750000
1758709877.5457425,4165.7,4165.8,4165.750000
1758709877.925116,4165.7,4165.8,4165.750000
1758709878.353188,4165.7,4165.8,4165.750000
1758709878.5760262,4165.7,4165.8,4165.750000
1758709878.8808343,4165.7,4165.8,4165.750000
1758709879.1658812,4165.7,4165.8,4165.750000
1758709879.5684316,4165.7,4165.8,4165.750000
1758709879.823912,4165.7,4165.8,4165.750000
1758709880.0890458,4165.7,4165.8,4165.750000
1758709880.3411198,4165.7,4165.8,4165.750000
1758709880.6750631,4165.7,4165.8,4165.750000
1758709880.9372766,4165.7,4165.8,4165.750000
1758709881.4152756,4165.7,4165.8,4165.750000
1758709881.5421581,4165.7,4165.8,4165.750000
1758709881.8088646,4165.7,4165.8,4165.750000
1758709882.088689,4165.8,4165.9,4165.850000
1758709882.3583312,4165.8,4165.9,4165.850000
1758709882.698879,4165.8,4165.9,4165.850000
1758709882.9598134,4165.8,4165.9,4165.850000
1758709883.2174375,4165.8,4165.9,4165.850000
1758709883.5559015,4165.8,4165.9,4165.850000
1758709884.0860631,4165.8,4165.9,4165.850000
1758709884.480891,4165.8,4165.9,4165.850000
1758709885.106234,4165.9,4166.0,4165.950000
1758709885.4271665,4165.9,4166.0,4165.950000
1758709885.6816592,4165.9,4166.0,4165.950000
1758709885.9674623,4165.9,4166.0,4165.950000
1758709886.252689,4165.9,4166.0,4165.950000
1758709886.5034554,4165.9,4166.0,4165.950000
1758709886.7702122,4165.9,4166.0,4165.950000
1758709887.0308545,4165.9,4166.0,4165.950000
1758709887.4152617,4165.9,4166.1,4166.000000
1758709887.605421,4166.0,4166.1,4166.050000
1758709887.8807356,4166.0,4166.1,4166.050000
1758709888.2355025,4166.0,4166.1,4166.050000
1758709888.5512164,4166.0,4166.1,4166.050000
1758709888.8333175,4166.0,4166.1,4166.050000
1758709889.1029706,4166.0,4166.1,4166.050000
1758709889.4873707,4166.0,4166.1,4166.050000
1758709889.738736,4166.0,4166.1,4166.050000
1758709890.0301943,4166.0,4166.1,4166.050000
1758709890.374256,4166.0,4166.1,4166.050000
1758709890.8464322,4166.0,4166.1,4166.050000
1758709891.3067434,4166.0,4166.1,4166.050000
1758709891.5780973,4166.0,4166.1,4166.050000
1758709891.9410417,4166.0,4166.1,4166.050000
1758709892.212283,4166.0,4166.1,4166.050000
1758709892.4826903,4166.0,4166.1,4166.050000
1758709892.8203115,4166.0,4166.1,4166.050000
1758709893.0923824,4166.0,4166.1,4166.050000
1758709893.4077632,4166.0,4166.1,4166.050000
1758709893.6684012,4166.0,4166.1,4166.050000
1758709893.9814048,4166.0,4166.1,4166.050000
1758709894.2695303,4166.0,4166.1,4166.050000
1758709894.5588632,4166.0,4166.1,4166.050000
1758709894.8432627,4166.0,4166.1,4166.050000
1758709895.1201262,4166.0,4166.1,4166.050000
1758709895.4764311,4166.0,4166.1,4166.050000
1758709895.7394755,4166.0,4166.1,4166.050000
1758709896.108726,4166.0,4166.1,4166.050000
1758709896.505302,4166.0,4166.1,4166.050000
1758709896.7716744,4166.0,4166.1,4166.050000
1758709897.0775127,4166.0,4166.1,4166.050000
1758709897.330866,4166.0,4166.1,4166.050000
1758709897.7030358,4166.0,4166.1,4166.050000
1758709897.9926085,4166.0,4166.1,4166.050000
1758709898.623153,4166.0,4166.1,4166.050000
1758709898.8777232,4166.0,4166.1,4166.050000
1758709899.1646667,4166.0,4166.1,4166.050000
1758709899.8977454,4166.0,4166.1,4166.050000
1758709900.3514817,4166.0,4166.1,4166.050000
1758709900.6042576,4166.0,4166.1,4166.050000
1758709901.2764387,4166.0,4166.1,4166.050000
1758709901.6023772,4166.0,4166.1,4166.050000
1758709901.9053385,4166.0,4166.1,4166.050000
1758709902.202989,4166.0,4166.1,4166.050000
1758709902.4384282,4166.0,4166.1,4166.050000
1758709903.1382697,4166.0,4166.1,4166.050000
1758709903.3905513,4166.0,4166.1,4166.050000
1758709903.6705875,4166.0,4166.1,4166.050000
1758709904.0368345,4166.0,4166.1,4166.050000
1758709904.3051813,4166.0,4166.1,4166.050000
1758709904.5573123,4166.0,4166.1,4166.050000
1758709904.9613514,4166.0,4166.1,4166.050000
1758709905.3819048,4166.0,4166.1,4166.050000
1758709905.6408796,4166.0,4166.1,4166.050000
1758709905.895492,4166.0,4166.1,4166.050000
1758709906.230565,4166.0,4166.1,4166.050000
1758709906.4795845,4166.0,4166.1,4166.050000
1758709907.496808,4166.0,4166.1,4166.050000
1758709907.8797016,4166.0,4166.1,4166.050000
1758709908.4442804,4166.0,4166.1,4166.050000
1758709908.780922,4166.1,4166.2,4166.150000
1758709909.0492373,4166.1,4166.2,4166.150000
1758709909.3990467,4166.1,4166.2,4166.150000
1758709909.7760332,4166.1,4166.2,4166.150000
1758709910.1148884,4166.3,4166.4,4166.350000
1758709910.4519825,4166.3,4166.4,4166.350000
1758709910.7312746,4166.4,4166.5,4166.450000
1758709911.003888,4166.4,4166.5,4166.450000
1758709911.370998,4166.4,4166.5,4166.450000
1758709911.5699587,4166.4,4166.5,4166.450000
1758709911.8418894,4166.4,4166.5,4166.450000
1758709912.1073084,4166.4,4166.5,4166.450000
1758709912.3671455,4166.4,4166.5,4166.450000
1758709912.6484725,4166.4,4166.5,4166.450000
1758709912.924475,4166.4,4166.5,4166.450000
1758709913.4197612,4166.4,4166.5,4166.450000
1758709913.8035252,4166.4,4166.5,4166.450000
1758709914.090705,4166.4,4166.5,4166.450000
1758709914.4057603,4166.4,4166.5,4166.450000
1758709915.0307467,4166.4,4166.5,4166.450000
1758709915.4397304,4166.4,4166.5,4166.450000
1758709915.77373,4166.4,4166.5,4166.450000
1758709916.4726462,4166.4,4166.5,4166.450000
1758709916.7250884,4166.4,4166.5,4166.450000
1758709917.0526834,4166.4,4166.5,4166.450000
1758709917.561384,4166.4,4166.5,4166.450000
1758709918.0709622,4166.4,4166.5,4166.450000
1758709918.475898,4166.4,4166.5,4166.450000
1758709918.8325064,4166.4,4166.5,4166.450000
1758709919.1480267,4166.4,4166.5,4166.450000
1758709919.495202,4166.4,4166.5,4166.450000
1758709920.3508463,4166.4,4166.5,4166.450000
1758709920.627164,4166.4,4166.5,4166.450000
1758709920.8841074,4166.4,4166.5,4166.450000
1758709921.3652346,4166.4,4166.5,4166.450000
1758709921.6757734,4166.4,4166.5,4166.450000
1758709921.977151,4166.4,4166.5,4166.450000
1758709922.4049242,4166.4,4166.5,4166.450000
1758709922.8341134,4166.4,4166.5,4166.450000
1758709923.1893888,4166.4,4166.5,4166.450000
1758709923.6124797,4166.4,4166.5,4166.450000
1758709923.9744012,4166.4,4166.5,4166.450000
1758709924.3110597,4166.4,4166.5,4166.450000
1758709924.5585134,4166.6,4166.7,4166.650000
1758709924.8301718,4166.6,4166.7,4166.650000
1758709925.1050057,4166.7,4166.8,4166.750000
1758709925.377312,4166.9,4167.0,4166.950000
1758709925.636153,4166.9,4167.0,4166.950000
1758709925.9169436,4166.9,4167.0,4166.950000
1758709926.3253596,4166.9,4167.0,4166.950000
1758709926.5893414,4166.9,4167.0,4166.950000
1758709927.0502644,4166.9,4167.0,4166.950000
1758709927.3819144,4166.9,4167.0,4166.950000
1758709927.7013233,4166.9,4167.0,4166.950000
1758709928.0690317,4166.9,4167.0,4166.950000
1758709928.4488478,4166.9,4167.0,4166.950000
1758709929.0305827,4166.9,4167.0,4166.950000
1758709929.4426124,4166.9,4167.0,4166.950000
1758709929.7192147,4166.9,4167.0,4166.950000
1758709930.071041,4166.9,4167.2,4167.050000
1758709930.3763685,4166.9,4167.6,4167.250000
1758709930.6443348,4167.0,4167.6,4167.300000
1758709930.8987062,4167.1,4167.6,4167.350000
1758709931.214032,4167.5,4167.6,4167.550000
1758709931.5664544,4167.5,4167.6,4167.550000
1758709931.9097576,4167.5,4167.6,4167.550000
1758709932.3533094,4167.5,4167.6,4167.550000
1758709932.8072338,4167.5,4167.6,4167.550000
1758709933.2070014,4167.5,4167.6,4167.550000
1758709933.6867235,4167.5,4167.6,4167.550000
1758709933.9758062,4167.5,4167.6,4167.550000
1758709934.2610474,4167.5,4167.6,4167.550000
1758709934.5730119,4167.5,4167.6,4167.550000
1758709934.9374902,4167.5,4167.6,4167.550000
1758709935.3179219,4167.5,4167.6,4167.550000
1758709935.5253577,4167.5,4167.6,4167.550000
1758709935.840184,4167.5,4167.6,4167.550000
1758709936.131849,4167.5,4167.6,4167.550000
1758709936.3955865,4167.5,4167.6,4167.550000
1758709936.7168286,4167.5,4167.6,4167.550000
1758709937.043634,4167.5,4167.6,4167.550000
1758709937.4799318,4167.5,4167.6,4167.550000
1758709937.747402,4167.5,4167.6,4167.550000
1758709938.0933213,4167.5,4167.6,4167.550000
1758709938.5452757,4167.5,4167.6,4167.550000
1758709938.969696,4167.6,4167.7,4167.650000
1758709939.3393552,4167.6,4167.7,4167.650000
1758709939.6240382,4167.6,4167.7,4167.650000
1758709940.0240252,4167.6,4167.7,4167.650000
1758709940.4187968,4167.6,4167.7,4167.650000
1758709940.792827,4167.6,4167.7,4167.650000
1758709941.0520592,4167.6,4167.7,4167.650000
1758709941.3675056,4167.6,4167.7,4167.650000
1758709941.6513577,4167.6,4167.7,4167.650000
1758709941.955854,4167.7,4167.8,4167.750000
1758709942.2722173,4167.7,4167.8,4167.750000
1758709942.563402,4167.7,4167.8,4167.750000
1758709942.823621,4168.4,4168.5,4168.450000
1758709943.0721312,4168.9,4169.0,4168.950000
1758709943.3454576,4168.9,4169.0,4168.950000
1758709943.6057854,4168.9,4169.0,4168.950000
1758709943.8842995,4168.9,4169.0,4168.950000
1758709944.322817,4169.0,4169.1,4169.050000
1758709944.5234911,4169.0,4169.1,4169.050000
1758709944.8970745,4169.0,4169.1,4169.050000
1758709945.2468674,4169.0,4169.1,4169.050000
1758709945.502714,4169.1,4169.2,4169.150000
1758709945.7612498,4169.2,4169.3,4169.250000
1758709946.1207194,4169.2,4169.3,4169.250000
1758709946.4338906,4169.2,4169.3,4169.250000
1758709946.7032278,4169.2,4169.3,4169.250000
1758709947.0075152,4169.2,4169.3,4169.250000
1758709947.348314,4169.2,4169.3,4169.250000
1758709947.8096116,4169.2,4169.3,4169.250000
1758709948.1326988,4169.2,4169.3,4169.250000
1758709948.7147794,4169.2,4169.3,4169.250000
1758709948.9944177,4169.2,4169.3,4169.250000
1758709949.27412,4169.2,4169.3,4169.250000
1758709949.5804195,4169.2,4169.3,4169.250000
1758709950.02962,4169.2,4169.3,4169.250000
1758709950.3672695,4169.2,4169.3,4169.250000
1758709950.8298037,4169.2,4169.3,4169.250000
1758709951.1125922,4169.2,4169.3,4169.250000
1758709951.4400265,4169.2,4169.3,4169.250000
1758709951.73579,4169.2,4169.3,4169.250000
1758709952.1129851,4169.2,4169.3,4169.250000
1758709952.3919868,4169.2,4169.3,4169.250000
1758709952.7865357,4169.2,4169.3,4169.250000
1758709953.3316004,4169.2,4169.3,4169.250000
1758709953.4845207,4169.2,4169.3,4169.250000
