unix_timestamp,bid,ask,mid
1758706553.6567078,112657.0,112657.1,112657.050000
1758706553.981305,112657.0,112657.1,112657.050000
1758706554.2521546,112657.0,112657.1,112657.050000
1758706554.512632,112657.0,112657.1,112657.050000
1758706554.773133,112657.0,112657.1,112657.050000
1758706555.0588028,112657.0,112657.1,112657.050000
1758706555.3588126,112657.0,112657.1,112657.050000
1758706555.6924949,112657.0,112657.1,112657.050000
1758706556.024608,112657.0,112657.1,112657.050000
1758706556.2904456,112657.0,112657.1,112657.050000
1758706556.5431643,112657.0,112657.1,112657.050000
1758706556.8030183,112657.0,112657.1,112657.050000
1758706557.0916634,112657.0,112657.1,112657.050000
1758706557.3881247,112657.0,112657.1,112657.050000
1758706557.672234,112657.0,112657.1,112657.050000
1758706557.9412823,112657.0,112657.1,112657.050000
1758706558.192172,112657.0,112657.1,112657.050000
1758706558.4836211,112657.0,112657.1,112657.050000
1758706558.8128211,112657.0,112657.1,112657.050000
1758706559.1171036,112657.0,112657.1,112657.050000
1758706559.3860042,112657.0,112657.1,112657.050000
1758706559.6901765,112657.0,112657.1,112657.050000
1758706559.9497144,112657.0,112657.1,112657.050000
1758706560.2336829,112657.0,112657.1,112657.050000
1758706560.570159,112657.0,112657.1,112657.050000
1758706560.8859026,112657.0,112657.1,112657.050000
1758706561.2285554,112657.0,112657.1,112657.050000
1758706561.4963527,112657.0,112657.1,112657.050000
1758706561.765849,112657.0,112657.1,112657.050000
1758706562.0193427,112657.0,112657.1,112657.050000
1758706562.290183,112657.0,112657.1,112657.050000
1758706562.600654,112657.0,112657.1,112657.050000
1758706562.855792,112657.0,112657.1,112657.050000
1758706563.1136878,112657.0,112657.1,112657.050000
1758706563.4480708,112657.0,112657.1,112657.050000
1758706563.7328076,112657.0,112657.1,112657.050000
1758706564.0239892,112657.0,112657.1,112657.050000
1758706564.278251,112657.0,112657.1,112657.050000
1758706564.5709035,112657.0,112657.1,112657.050000
1758706564.837099,112657.0,112657.1,112657.050000
1758706565.1108534,112657.0,112657.1,112657.050000
1758706565.3892486,112657.0,112657.1,112657.050000
1758706565.651345,112657.0,112657.1,112657.050000
1758706565.9100237,112657.0,112657.1,112657.050000
1758706566.2232265,112657.0,112657.1,112657.050000
1758706566.4297836,112657.0,112657.1,112657.050000
1758706566.6953213,112657.0,112657.1,112657.050000
1758706566.9989004,112657.0,112657.1,112657.050000
1758706567.327672,112657.0,112657.1,112657.050000
1758706567.59655,112657.0,112657.1,112657.050000
1758706567.8682435,112657.0,112657.1,112657.050000
1758706568.1387265,112657.0,112657.1,112657.050000
1758706568.5472379,112657.0,112657.1,112657.050000
1758706568.8798087,112657.0,112657.1,112657.050000
1758706569.1605139,112657.0,112657.1,112657.050000
1758706569.441005,112657.0,112657.1,112657.050000
1758706569.7274814,112657.0,112657.1,112657.050000
1758706570.0184538,112657.0,112657.1,112657.050000
1758706570.2712166,112657.0,112657.1,112657.050000
1758706570.5257318,112657.0,112657.1,112657.050000
1758706570.8455608,112657.0,112657.1,112657.050000
1758706571.1084538,112657.0,112657.1,112657.050000
1758706571.4071786,112657.0,112657.1,112657.050000
1758706571.713565,112657.0,112657.1,112657.050000
1758706572.0181193,112657.0,112657.1,112657.050000
1758706572.2995396,112657.0,112657.1,112657.050000
1758706572.647252,112657.0,112657.1,112657.050000
1758706572.9003024,112657.0,112657.1,112657.050000
1758706573.2265294,112657.0,112657.1,112657.050000
1758706573.5598183,112657.0,112657.1,112657.050000
1758706573.9196548,112657.0,112657.1,112657.050000
1758706574.1827006,112657.0,112657.1,112657.050000
1758706574.4360893,112657.0,112657.1,112657.050000
1758706574.70712,112657.0,112657.1,112657.050000
1758706575.070378,112657.0,112657.1,112657.050000
1758706575.3415203,112657.0,112657.1,112657.050000
1758706575.596781,112657.0,112657.1,112657.050000
1758706575.959731,112657.0,112657.1,112657.050000
1758706576.2315876,112657.0,112657.1,112657.050000
1758706576.5225177,112657.0,112657.1,112657.050000
1758706576.8224497,112657.0,112657.1,112657.050000
1758706577.2322054,112657.0,112657.1,112657.050000
1758706577.4928389,112657.0,112657.1,112657.050000
1758706577.748779,112657.0,112657.1,112657.050000
1758706578.039443,112657.0,112657.1,112657.050000
1758706578.3291788,112657.0,112657.1,112657.050000
1758706578.5814881,112657.0,112657.1,112657.050000
1758706578.8347116,112657.0,112657.1,112657.050000
1758706579.0974827,112657.0,112657.1,112657.050000
1758706579.3668768,112657.0,112657.1,112657.050000
1758706579.7696183,112657.0,112657.1,112657.050000
1758706580.0225005,112657.0,112657.1,112657.050000
1758706580.2794225,112657.0,112657.1,112657.050000
1758706580.5859416,112657.0,112657.1,112657.050000
1758706580.8517332,112657.0,112657.1,112657.050000
1758706581.1054442,112657.0,112657.1,112657.050000
1758706581.378724,112657.0,112657.1,112657.050000
1758706581.668167,112657.0,112657.1,112657.050000
1758706581.9551349,112657.0,112657.1,112657.050000
1758706582.2373078,112657.0,112657.1,112657.050000
1758706582.4933143,112657.0,112657.1,112657.050000
1758706582.7711542,112657.0,112657.1,112657.050000
1758706583.0704927,112657.0,112657.1,112657.050000
1758706583.338441,112657.0,112657.1,112657.050000
1758706583.649573,112657.0,112657.1,112657.050000
1758706584.0141625,112657.0,112657.1,112657.050000
1758706584.2844896,112657.0,112657.1,112657.050000
1758706584.5359788,112657.0,112657.1,112657.050000
1758706584.8188014,112657.0,112657.1,112657.050000
1758706585.1688664,112657.0,112657.1,112657.050000
1758706585.4259918,112657.0,112657.1,112657.050000
1758706585.7313313,112657.0,112657.1,112657.050000
1758706586.0506217,112658.1,112658.4,112658.250000
1758706586.3540974,112658.6,112661.4,112660.000000
1758706586.6495159,112664.1,112664.2,112664.150000
1758706586.9485931,112664.1,112664.2,112664.150000
1758706587.2337382,112664.1,112664.2,112664.150000
1758706587.4859657,112664.1,112664.2,112664.150000
1758706587.7942219,112664.1,112664.2,112664.150000
1758706588.0826886,112664.1,112664.2,112664.150000
1758706588.3367276,112664.1,112664.2,112664.150000
1758706588.5992386,112664.1,112664.2,112664.150000
1758706588.8838384,112664.1,112664.2,112664.150000
1758706589.137844,112664.1,112664.2,112664.150000
1758706589.4652338,112664.1,112664.2,112664.150000
1758706589.760264,112664.1,112664.2,112664.150000
1758706590.063097,112664.1,112664.2,112664.150000
1758706590.3203313,112664.1,112664.2,112664.150000
1758706590.6242998,112664.1,112664.2,112664.150000
1758706590.954738,112664.1,112664.2,112664.150000
1758706591.242944,112664.1,112664.2,112664.150000
1758706591.5427754,112664.1,112664.2,112664.150000
1758706591.8517463,112664.1,112664.2,112664.150000
1758706592.136127,112664.1,112664.2,112664.150000
1758706592.4050975,112664.1,112664.2,112664.150000
1758706592.6691272,112664.1,112664.2,112664.150000
1758706592.9472353,112664.1,112664.2,112664.150000
1758706593.2725139,112664.1,112664.2,112664.150000
1758706593.5448048,112664.1,112664.2,112664.150000
1758706593.8252506,112664.1,112664.2,112664.150000
1758706594.1320515,112664.1,112664.2,112664.150000
1758706594.503852,112664.1,112664.2,112664.150000
1758706594.7922082,112664.1,112664.2,112664.150000
1758706595.059099,112664.1,112664.2,112664.150000
1758706595.3269944,112664.1,112664.2,112664.150000
1758706595.582888,112664.1,112664.2,112664.150000
1758706595.8950953,112664.1,112664.2,112664.150000
1758706596.225726,112664.1,112664.2,112664.150000
1758706596.5892248,112664.1,112664.2,112664.150000
1758706596.8525763,112664.1,112664.2,112664.150000
1758706597.1768198,112664.1,112664.2,112664.150000
1758706597.4301736,112664.1,112664.2,112664.150000
1758706597.715006,112664.1,112664.2,112664.150000
1758706597.9814343,112664.1,112664.2,112664.150000
1758706598.3043897,112664.1,112664.2,112664.150000
1758706598.5610523,112664.1,112664.2,112664.150000
1758706598.8866189,112664.1,112664.2,112664.150000
1758706599.223095,112664.1,112664.2,112664.150000
1758706599.4854531,112664.2,112664.3,112664.250000
1758706599.73805,112664.2,112664.3,112664.250000
1758706600.0001745,112664.2,112664.3,112664.250000
1758706600.3100696,112664.2,112664.3,112664.250000
1758706600.583969,112664.2,112664.3,112664.250000
1758706600.8720126,112664.2,112664.3,112664.250000
1758706601.1316202,112664.2,112664.3,112664.250000
1758706601.3924887,112664.2,112664.3,112664.250000
1758706601.6440606,112664.2,112664.3,112664.250000
1758706601.9069545,112664.4,112664.5,112664.450000
1758706602.1590734,112664.4,112664.5,112664.450000
1758706602.4172628,112664.9,112665.0,112664.950000
1758706602.6774485,112664.9,112665.0,112664.950000
1758706602.9835837,112664.9,112665.0,112664.950000
1758706603.2552092,112664.9,112665.0,112664.950000
1758706603.5439494,112664.9,112665.0,112664.950000
1758706603.8011277,112664.9,112665.0,112664.950000
1758706604.0693662,112664.9,112665.0,112664.950000
1758706604.3365643,112664.9,112665.0,112664.950000
1758706604.5894065,112664.9,112665.0,112664.950000
1758706604.8793154,112664.9,112665.0,112664.950000
1758706605.1324348,112664.9,112665.0,112664.950000
1758706605.4814625,112665.8,112665.9,112665.850000
1758706605.7716436,112665.8,112665.9,112665.850000
1758706606.043463,112665.8,112665.9,112665.850000
1758706606.3076158,112665.8,112665.9,112665.850000
1758706606.5598974,112665.8,112665.9,112665.850000
1758706606.8287535,112665.8,112665.9,112665.850000
1758706607.078378,112665.8,112665.9,112665.850000
1758706607.3349757,112665.8,112665.9,112665.850000
1758706607.591888,112665.8,112665.9,112665.850000
1758706607.8470047,112665.8,112665.9,112665.850000
1758706608.1058712,112665.8,112665.9,112665.850000
1758706608.451868,112665.9,112666.0,112665.950000
1758706608.7071993,112665.9,112666.0,112665.950000
1758706608.9855187,112665.9,112666.0,112665.950000
1758706609.3365648,112665.9,112666.0,112665.950000
1758706609.6153777,112665.9,112666.0,112665.950000
1758706610.029395,112668.6,112668.7,112668.650000
1758706610.3218143,112668.6,112668.7,112668.650000
1758706610.5926604,112668.6,112668.7,112668.650000
1758706610.867266,112668.6,112668.7,112668.650000
1758706611.1523514,112668.6,112668.7,112668.650000
1758706611.4035425,112668.6,112668.7,112668.650000
1758706611.691919,112668.6,112668.7,112668.650000
1758706611.9476278,112668.6,112668.7,112668.650000
1758706612.2050152,112668.6,112668.7,112668.650000
1758706612.5361888,112668.6,112668.7,112668.650000
1758706612.9477851,112668.6,112668.7,112668.650000
1758706613.2302177,112668.6,112668.7,112668.650000
1758706613.48687,112668.6,112668.7,112668.650000
1758706613.766194,112668.6,112668.7,112668.650000
1758706614.0795536,112668.6,112668.7,112668.650000
1758706614.3615744,112668.6,112668.7,112668.650000
1758706614.6391609,112668.6,112668.7,112668.650000
1758706614.9181583,112668.6,112668.7,112668.650000
1758706615.208836,112668.6,112668.7,112668.650000
1758706615.472063,112668.6,112668.7,112668.650000
1758706615.7695718,112668.6,112668.7,112668.650000
1758706616.0163527,112668.6,112668.7,112668.650000
1758706616.280535,112668.6,112668.7,112668.650000
1758706616.5554519,112668.6,112668.7,112668.650000
1758706616.8445961,112668.6,112668.7,112668.650000
1758706617.1560333,112668.6,112668.7,112668.650000
1758706617.4401062,112668.6,112668.7,112668.650000
1758706617.722903,112668.6,112668.7,112668.650000
1758706618.0349379,112668.6,112668.7,112668.650000
1758706618.2912877,112668.6,112668.7,112668.650000
1758706618.5744646,112668.6,112668.7,112668.650000
1758706618.985238,112668.6,112668.7,112668.650000
1758706619.2683227,112668.6,112668.7,112668.650000
1758706619.5781767,112668.6,112668.7,112668.650000
1758706619.8789914,112668.6,112668.7,112668.650000
1758706620.1534014,112668.6,112668.7,112668.650000
1758706620.4301844,112668.6,112668.7,112668.650000
1758706620.6820257,112668.6,112668.7,112668.650000
1758706621.0387468,112668.6,112668.7,112668.650000
1758706621.3357434,112668.6,112668.7,112668.650000
1758706621.658282,112668.6,112668.7,112668.650000
1758706621.9395058,112668.6,112668.7,112668.650000
1758706622.2347996,112668.6,112668.7,112668.650000
1758706622.5081177,112668.6,112668.7,112668.650000
1758706622.7866764,112668.6,112668.7,112668.650000
1758706623.0478456,112668.6,112668.7,112668.650000
1758706623.3341758,112668.6,112668.7,112668.650000
1758706623.634071,112668.6,112668.7,112668.650000
1758706623.8917036,112668.6,112668.7,112668.650000
1758706624.1512704,112668.6,112668.7,112668.650000
1758706624.4123747,112668.6,112668.7,112668.650000
1758706624.7158892,112668.6,112668.7,112668.650000
1758706625.1482568,112668.6,112668.7,112668.650000
1758706625.4954636,112668.6,112668.7,112668.650000
1758706625.753369,112668.6,112668.7,112668.650000
1758706626.0366917,112668.6,112668.7,112668.650000
1758706626.3211243,112668.6,112668.7,112668.650000
1758706626.6177628,112668.6,112668.7,112668.650000
1758706626.9765837,112668.6,112668.7,112668.650000
1758706627.3910773,112668.6,112668.7,112668.650000
1758706627.6667693,112668.6,112668.7,112668.650000
1758706628.0586836,112668.6,112668.7,112668.650000
1758706628.3424702,112668.6,112668.7,112668.650000
1758706628.5942092,112668.6,112668.7,112668.650000
1758706628.854975,112668.6,112668.7,112668.650000
1758706629.236872,112668.6,112668.7,112668.650000
1758706629.579794,112668.6,112668.7,112668.650000
1758706629.8384159,112668.6,112668.7,112668.650000
1758706630.105535,112668.6,112668.7,112668.650000
1758706630.3956199,112668.6,112668.7,112668.650000
1758706630.6597142,112668.6,112668.7,112668.650000
1758706631.010012,112668.6,112668.7,112668.650000
1758706631.2740898,112668.6,112668.7,112668.650000
1758706631.5984206,112668.6,112668.7,112668.650000
1758706631.8581476,112668.6,112668.7,112668.650000
1758706632.1310356,112668.6,112668.7,112668.650000
1758706632.4459257,112668.6,112668.7,112668.650000
1758706632.7238622,112668.6,112668.7,112668.650000
1758706632.9791968,112668.6,112668.7,112668.650000
1758706633.2574928,112668.6,112668.7,112668.650000
1758706633.5300438,112668.6,112668.7,112668.650000
1758706633.791052,112668.6,112668.7,112668.650000
1758706634.1101482,112668.6,112668.7,112668.650000
1758706634.370975,112668.6,112668.7,112668.650000
1758706634.7219136,112668.6,112668.7,112668.650000
1758706634.993543,112668.6,112668.7,112668.650000
1758706635.325262,112668.6,112668.7,112668.650000
1758706635.539507,112668.6,112668.7,112668.650000
1758706635.8207588,112668.6,112668.7,112668.650000
1758706636.0725121,112668.6,112668.7,112668.650000
1758706636.3524184,112668.6,112668.7,112668.650000
1758706636.6126041,112668.6,112668.7,112668.650000
1758706636.902374,112668.6,112668.7,112668.650000
1758706637.1832032,112668.6,112668.7,112668.650000
1758706637.5290005,112668.6,112668.7,112668.650000
1758706637.8039255,112668.6,112668.7,112668.650000
1758706638.0791445,112668.6,112668.7,112668.650000
1758706638.416484,112668.6,112668.7,112668.650000
1758706638.8474739,112668.6,112668.7,112668.650000
1758706639.1060467,112668.6,112668.7,112668.650000
1758706639.4151778,112668.6,112668.7,112668.650000
1758706639.6811664,112668.6,112668.7,112668.650000
1758706639.948436,112668.6,112668.7,112668.650000
1758706640.2080648,112668.6,112668.7,112668.650000
1758706640.4742424,112668.6,112668.7,112668.650000
1758706640.756586,112668.6,112668.7,112668.650000
1758706641.0328345,112668.6,112668.7,112668.650000
1758706641.339438,112668.6,112668.7,112668.650000
1758706641.789269,112668.6,112668.7,112668.650000
1758706642.0970447,112668.6,112668.7,112668.650000
1758706642.403845,112668.6,112668.7,112668.650000
1758706642.683449,112668.6,112668.7,112668.650000
1758706643.006267,112668.6,112668.7,112668.650000
1758706643.270419,112668.6,112668.7,112668.650000
1758706643.617715,112668.6,112668.7,112668.650000
1758706643.8744178,112668.6,112668.7,112668.650000
1758706644.1430733,112668.6,112668.7,112668.650000
1758706644.4056475,112668.6,112668.7,112668.650000
1758706644.6647081,112668.6,112668.7,112668.650000
1758706644.9620886,112668.6,112668.7,112668.650000
1758706645.2428124,112668.6,112668.7,112668.650000
1758706645.4956427,112668.6,112668.7,112668.650000
1758706645.7737637,112668.6,112668.7,112668.650000
1758706646.0839725,112668.6,112668.7,112668.650000
1758706646.3393779,112668.6,112668.7,112668.650000
1758706646.6003656,112668.6,112668.7,112668.650000
1758706646.8790677,112668.6,112668.7,112668.650000
1758706647.2879603,112668.6,112668.7,112668.650000
1758706647.5022264,112668.6,112668.7,112668.650000
1758706647.756074,112668.6,112668.7,112668.650000
1758706648.0883558,112668.6,112668.7,112668.650000
1758706648.3598237,112668.6,112668.7,112668.650000
1758706648.6992157,112668.6,112668.7,112668.650000
1758706649.0199025,112668.6,112668.7,112668.650000
1758706649.275453,112668.6,112668.7,112668.650000
1758706649.5412166,112668.6,112668.7,112668.650000
1758706649.8152704,112668.6,112668.7,112668.650000
1758706650.0938928,112668.6,112668.7,112668.650000
1758706650.3708587,112668.6,112668.7,112668.650000
1758706650.6416354,112668.6,112668.7,112668.650000
1758706650.9150815,112668.6,112668.7,112668.650000
1758706651.2112725,112668.6,112668.7,112668.650000
1758706651.4512823,112668.6,112668.7,112668.650000
1758706651.7065344,112668.6,112668.7,112668.650000
1758706651.9915802,112668.6,112668.7,112668.650000
1758706652.309755,112668.6,112668.7,112668.650000
1758706652.5932012,112668.6,112668.7,112668.650000
1758706652.8754516,112668.6,112668.7,112668.650000
1758706653.1460402,112668.6,112668.7,112668.650000
1758706653.4931417,112668.6,112668.7,112668.650000
1758706653.7927196,112668.9,112669.0,112668.950000
1758706654.0979776,112668.9,112670.0,112669.450000
1758706654.405809,112671.6,112671.7,112671.650000
1758706654.6674917,112671.6,112671.7,112671.650000
1758706655.0033474,112674.0,112674.1,112674.050000
1758706655.309341,112674.0,112674.1,112674.050000
1758706655.5887666,112679.9,112680.0,112679.950000
1758706655.9290147,112679.9,112680.0,112679.950000
1758706656.275921,112679.9,112698.4,112689.150000
1758706656.7635226,112698.2,112698.3,112698.250000
1758706657.0343463,112698.2,112698.3,112698.250000
1758706657.3787975,112698.2,112698.3,112698.250000
1758706657.6454191,112698.2,112702.6,112700.400000
1758706657.9382138,112702.4,112702.6,112702.500000
1758706658.236704,112702.5,112702.6,112702.550000
1758706658.5224445,112702.5,112702.6,112702.550000
1758706658.7804303,112702.5,112702.6,112702.550000
1758706659.0735433,112702.8,112702.9,112702.850000
1758706659.3926518,112702.8,112714.5,112708.650000
1758706659.6987655,112715.0,112715.1,112715.050000
1758706660.0197253,112715.0,112715.1,112715.050000
1758706660.308872,112715.1,112715.2,112715.150000
1758706660.5889766,112715.1,112715.2,112715.150000
1758706660.8603537,112715.1,112715.2,112715.150000
1758706661.1131563,112715.1,112715.2,112715.150000
1758706661.401408,112715.1,112715.2,112715.150000
1758706661.6826937,112715.1,112715.2,112715.150000
1758706661.9767706,112715.1,112715.2,112715.150000
1758706662.3921428,112715.1,112715.2,112715.150000
1758706662.5096998,112715.1,112715.2,112715.150000
1758706662.8137598,112715.1,112715.2,112715.150000
1758706663.1221085,112715.1,112715.2,112715.150000
1758706663.40374,112715.1,112715.2,112715.150000
1758706663.6817896,112715.1,112715.2,112715.150000
1758706663.9333513,112715.1,112715.2,112715.150000
1758706664.2025883,112715.1,112715.2,112715.150000
1758706664.5134516,112715.1,112715.2,112715.150000
1758706664.7720418,112715.9,112716.0,112715.950000
1758706665.0579789,112715.9,112716.0,112715.950000
1758706665.3671455,112715.9,112716.0,112715.950000
1758706665.626994,112715.9,112716.0,112715.950000
1758706665.8834386,112715.9,112716.0,112715.950000
1758706666.1620486,112715.9,112716.0,112715.950000
1758706666.4191577,112715.9,112716.0,112715.950000
1758706666.6969125,112715.9,112716.0,112715.950000
1758706666.972292,112715.9,112716.0,112715.950000
1758706667.2685466,112715.9,112716.0,112715.950000
1758706667.5286927,112715.9,112716.0,112715.950000
1758706667.788914,112715.9,112716.0,112715.950000
1758706668.1093338,112715.9,112716.0,112715.950000
1758706668.3653622,112715.9,112716.0,112715.950000
1758706668.7141738,112715.9,112716.0,112715.950000
1758706668.9944823,112715.9,112716.0,112715.950000
1758706669.2529397,112715.9,112716.0,112715.950000
1758706669.5117557,112715.9,112716.0,112715.950000
1758706669.7953768,112715.9,112716.0,112715.950000
1758706670.1034176,112715.9,112716.0,112715.950000
1758706670.411006,112715.9,112716.0,112715.950000
1758706670.698671,112715.9,112716.0,112715.950000
1758706670.9783401,112715.9,112716.0,112715.950000
1758706671.311278,112715.9,112716.0,112715.950000
1758706671.5351577,112715.9,112716.0,112715.950000
1758706671.839528,112715.9,112716.0,112715.950000
1758706672.1011302,112715.9,112716.0,112715.950000
1758706672.3522356,112715.9,112716.0,112715.950000
1758706672.635569,112715.9,112716.0,112715.950000
1758706672.9600973,112715.9,112716.0,112715.950000
1758706673.2875116,112715.9,112716.0,112715.950000
1758706673.5404568,112715.9,112716.0,112715.950000
1758706673.8096538,112715.9,112716.0,112715.950000
1758706674.1786163,112715.9,112716.0,112715.950000
1758706674.454912,112715.9,112716.0,112715.950000
1758706674.7278469,112715.9,112716.0,112715.950000
1758706674.9996383,112715.9,112716.0,112715.950000
1758706675.314214,112715.9,112716.0,112715.950000
1758706675.5932438,112715.9,112716.0,112715.950000
1758706676.0061657,112715.9,112716.0,112715.950000
1758706676.2627375,112715.9,112716.0,112715.950000
1758706676.5389857,112715.9,112716.0,112715.950000
1758706676.8032453,112715.9,112716.0,112715.950000
1758706677.0913374,112715.9,112716.0,112715.950000
1758706677.345137,112715.9,112716.0,112715.950000
1758706677.646798,112715.9,112716.0,112715.950000
1758706678.0125206,112715.9,112716.0,112715.950000
1758706678.3743572,112715.9,112716.0,112715.950000
1758706678.642943,112715.9,112716.0,112715.950000
1758706678.8949816,112715.9,112716.0,112715.950000
1758706679.184772,112715.9,112716.0,112715.950000
1758706679.443164,112715.9,112716.0,112715.950000
1758706679.751632,112715.9,112716.0,112715.950000
1758706680.0506847,112715.9,112716.0,112715.950000
1758706680.353773,112715.9,112716.0,112715.950000
1758706680.6042562,112715.9,112716.0,112715.950000
1758706680.8713193,112715.9,112716.0,112715.950000
1758706681.178669,112715.9,112716.0,112715.950000
1758706681.4324203,112715.9,112716.0,112715.950000
1758706681.713709,112715.9,112716.0,112715.950000
1758706682.0252948,112715.9,112716.0,112715.950000
1758706682.2832797,112715.9,112716.0,112715.950000
1758706682.5594635,112715.9,112716.0,112715.950000
1758706682.8181067,112715.9,112716.0,112715.950000
1758706683.075,112715.9,112716.0,112715.950000
1758706683.3302965,112715.9,112716.0,112715.950000
1758706683.6683967,112715.9,112716.0,112715.950000
1758706683.9270957,112715.9,112716.0,112715.950000
1758706684.195629,112715.9,112716.0,112715.950000
1758706684.4732618,112715.9,112716.0,112715.950000
1758706684.8660674,112715.9,112716.0,112715.950000
1758706685.1324441,112715.9,112716.0,112715.950000
1758706685.518518,112715.9,112716.0,112715.950000
1758706685.7816164,112715.9,112716.0,112715.950000
1758706686.0625613,112715.9,112716.0,112715.950000
1758706686.3491838,112715.9,112716.0,112715.950000
1758706686.6153874,112715.9,112716.0,112715.950000
1758706686.8852153,112715.9,112716.0,112715.950000
1758706687.1995375,112715.9,112716.0,112715.950000
1758706687.4815037,112715.9,112716.0,112715.950000
1758706687.79597,112715.9,112716.0,112715.950000
1758706688.053405,112715.9,112716.0,112715.950000
1758706688.3202279,112715.9,112716.0,112715.950000
1758706688.5745788,112715.9,112716.0,112715.950000
1758706688.8635058,112715.9,112716.0,112715.950000
1758706689.1978133,112715.9,112716.0,112715.950000
1758706689.4342773,112715.9,112716.0,112715.950000
1758706689.7121105,112715.9,112716.0,112715.950000
1758706690.0095618,112715.9,112716.0,112715.950000
1758706690.2901144,112715.9,112716.0,112715.950000
1758706690.5455406,112715.9,112716.0,112715.950000
1758706690.8037167,112715.9,112716.0,112715.950000
1758706691.117594,112715.9,112716.0,112715.950000
1758706691.4236128,112715.9,112716.0,112715.950000
1758706691.736939,112715.9,112716.0,112715.950000
1758706692.0357652,112715.9,112716.0,112715.950000
1758706692.3390687,112715.9,112716.0,112715.950000
1758706692.5562642,112715.9,112716.0,112715.950000
1758706692.848892,112715.9,112716.0,112715.950000
1758706693.131384,112715.9,112716.0,112715.950000
1758706693.3924494,112715.9,112716.0,112715.950000
1758706693.6682024,112715.9,112716.0,112715.950000
1758706693.9388216,112715.9,112716.0,112715.950000
1758706694.2093353,112715.9,112716.0,112715.950000
1758706694.481232,112715.9,112716.0,112715.950000
1758706694.784378,112715.9,112716.0,112715.950000
1758706695.0583987,112715.9,112716.0,112715.950000
1758706695.345277,112715.9,112716.0,112715.950000
1758706695.6067934,112715.9,112716.0,112715.950000
1758706695.8717902,112715.9,112716.0,112715.950000
1758706696.1375484,112715.9,112716.0,112715.950000
1758706696.5019834,112715.9,112716.0,112715.950000
1758706696.8190646,112715.9,112716.0,112715.950000
1758706697.0781643,112715.9,112716.0,112715.950000
1758706697.369954,112715.9,112716.0,112715.950000
1758706697.6231525,112715.9,112716.0,112715.950000
1758706697.8876426,112715.9,112716.0,112715.950000
1758706698.163052,112715.9,112716.0,112715.950000
1758706698.4569442,112715.9,112716.0,112715.950000
1758706698.7213366,112715.9,112716.0,112715.950000
1758706699.0359457,112715.9,112716.0,112715.950000
1758706699.3054671,112715.9,112716.0,112715.950000
1758706699.5828166,112715.9,112716.0,112715.950000
1758706699.8495739,112715.9,112716.0,112715.950000
1758706700.206228,112715.9,112716.0,112715.950000
1758706700.5091662,112715.9,112716.0,112715.950000
1758706700.765057,112715.9,112716.0,112715.950000
1758706701.0224998,112715.9,112716.0,112715.950000
1758706701.2954872,112715.9,112716.0,112715.950000
1758706701.6768613,112715.9,112716.0,112715.950000
1758706701.9601889,112715.9,112716.0,112715.950000
1758706702.2355802,112715.9,112716.0,112715.950000
1758706702.5892148,112715.9,112716.0,112715.950000
1758706702.845086,112715.9,112716.0,112715.950000
1758706703.1282141,112715.9,112716.0,112715.950000
1758706703.4018705,112715.9,112716.0,112715.950000
1758706703.6672575,112715.9,112716.0,112715.950000
1758706703.933906,112715.9,112716.0,112715.950000
1758706704.2835598,112715.9,112716.0,112715.950000
1758706704.629049,112715.9,112716.0,112715.950000
1758706704.9145064,112715.9,112716.0,112715.950000
1758706705.2212963,112715.9,112716.0,112715.950000
1758706705.4740624,112715.9,112716.0,112715.950000
1758706705.7293952,112715.9,112716.0,112715.950000
1758706705.9914992,112715.9,112716.0,112715.950000
1758706706.249715,112715.9,112716.0,112715.950000
1758706706.5323434,112715.9,112716.0,112715.950000
1758706706.8187597,112715.9,112716.0,112715.950000
1758706707.1295621,112715.9,112716.0,112715.950000
1758706707.4041421,112715.9,112716.0,112715.950000
1758706707.6825616,112715.9,112716.0,112715.950000
1758706707.953741,112715.9,112716.0,112715.950000
1758706708.2326043,112715.9,112716.0,112715.950000
1758706708.5169873,112715.9,112716.0,112715.950000
1758706708.8024404,112715.9,112716.0,112715.950000
1758706709.0805821,112715.9,112716.0,112715.950000
1758706709.333087,112715.9,112716.0,112715.950000
1758706709.6709588,112715.9,112716.0,112715.950000
1758706709.9235592,112715.9,112716.0,112715.950000
1758706710.1912236,112715.9,112716.0,112715.950000
1758706710.446927,112715.9,112716.0,112715.950000
1758706710.7262013,112715.9,112716.0,112715.950000
1758706711.1019416,112715.9,112716.0,112715.950000
1758706711.472051,112715.9,112716.0,112715.950000
1758706711.7379951,112715.9,112716.0,112715.950000
1758706711.9975517,112715.9,112716.0,112715.950000
1758706712.2509334,112715.9,112716.0,112715.950000
1758706712.5732825,112715.9,112716.0,112715.950000
1758706712.842256,112715.9,112716.0,112715.950000
1758706713.1203494,112715.9,112716.0,112715.950000
1758706713.3977492,112715.9,112716.0,112715.950000
1758706713.6654587,112715.9,112716.0,112715.950000
1758706713.9289598,112715.9,112716.0,112715.950000
1758706714.2729893,112715.9,112716.0,112715.950000
1758706714.5669084,112715.9,112716.0,112715.950000
1758706714.8705258,112715.9,112716.0,112715.950000
1758706715.2104094,112715.9,112716.0,112715.950000
1758706715.482405,112715.9,112716.0,112715.950000
1758706715.899988,112715.9,112716.0,112715.950000
1758706716.3569584,112715.9,112716.0,112715.950000
1758706716.709505,112715.9,112716.0,112715.950000
1758706717.0415933,112715.9,112716.0,112715.950000
1758706717.3116612,112715.9,112716.0,112715.950000
1758706717.6147237,112715.9,112716.0,112715.950000
1758706717.868173,112715.9,112716.0,112715.950000
1758706718.1198518,112715.9,112716.0,112715.950000
1758706718.3740058,112715.9,112716.0,112715.950000
1758706718.6286595,112715.9,112716.0,112715.950000
1758706718.8802698,112715.9,112716.0,112715.950000
1758706719.176432,112715.9,112716.0,112715.950000
1758706719.427709,112715.9,112716.0,112715.950000
1758706719.7300427,112715.9,112716.0,112715.950000
1758706720.047915,112715.9,112716.0,112715.950000
1758706720.3114133,112715.9,112716.0,112715.950000
1758706720.6635463,112715.9,112716.0,112715.950000
1758706720.9235718,112715.9,112716.0,112715.950000
1758706721.2394633,112715.9,112716.0,112715.950000
1758706721.5012484,112715.9,112716.0,112715.950000
1758706721.8095255,112715.9,112716.0,112715.950000
1758706722.075709,112715.9,112716.0,112715.950000
1758706722.4224458,112715.9,112716.0,112715.950000
1758706722.7133904,112715.9,112716.0,112715.950000
1758706722.966046,112715.9,112716.0,112715.950000
1758706723.3093176,112715.9,112716.0,112715.950000
1758706723.6119828,112715.9,112716.0,112715.950000
1758706723.8641791,112715.9,112716.0,112715.950000
1758706724.1266205,112715.9,112716.0,112715.950000
1758706724.3786385,112715.9,112716.0,112715.950000
1758706724.6322317,112715.9,112716.0,112715.950000
1758706724.9203842,112715.9,112716.0,112715.950000
1758706725.258026,112715.9,112716.0,112715.950000
1758706725.5346544,112715.9,112716.0,112715.950000
1758706725.816945,112715.9,112716.0,112715.950000
1758706726.1101403,112715.9,112716.0,112715.950000
1758706726.4290233,112715.9,112716.0,112715.950000
1758706726.6851294,112715.9,112716.0,112715.950000
1758706726.960924,112716.0,112716.1,112716.050000
1758706727.221763,112716.0,112716.1,112716.050000
1758706727.4762547,112716.0,112716.1,112716.050000
1758706727.7266827,112716.0,112716.1,112716.050000
1758706728.0215135,112716.0,112716.1,112716.050000
1758706728.4050362,112716.9,112717.0,112716.950000
1758706728.7245896,112721.9,112722.0,112721.950000
1758706728.9876413,112721.9,112722.0,112721.950000
1758706729.2951298,112733.6,112733.7,112733.650000
1758706729.6841466,112733.6,112733.7,112733.650000
1758706729.9398897,112735.2,112735.3,112735.250000
1758706730.196812,112735.2,112735.5,112735.350000
1758706730.5197763,112737.7,112737.8,112737.750000
1758706730.7808297,112738.5,112738.6,112738.550000
1758706731.0537465,112738.5,112738.6,112738.550000
1758706731.323406,112738.5,112738.6,112738.550000
1758706731.6477096,112738.5,112738.6,112738.550000
1758706731.9290338,112738.5,112738.6,112738.550000
1758706732.2215583,112738.5,112738.6,112738.550000
1758706732.4736102,112738.5,112738.6,112738.550000
1758706732.7464232,112738.5,112738.6,112738.550000
1758706733.0393596,112738.5,112738.6,112738.550000
1758706733.3056998,112738.5,112738.6,112738.550000
1758706733.601669,112738.5,112738.6,112738.550000
1758706733.856371,112738.5,112738.6,112738.550000
1758706734.1095963,112738.5,112738.6,112738.550000
1758706734.3746421,112738.5,112738.6,112738.550000
1758706734.6975129,112738.5,112738.6,112738.550000
1758706735.0449455,112738.5,112738.6,112738.550000
1758706735.3218365,112738.5,112738.6,112738.550000
1758706735.6617928,112738.5,112738.6,112738.550000
1758706735.9187572,112738.5,112738.6,112738.550000
1758706736.1784,112738.5,112738.6,112738.550000
1758706736.4556735,112738.5,112738.6,112738.550000
1758706736.7106354,112738.5,112738.6,112738.550000
1758706736.9703374,112738.5,112738.6,112738.550000
1758706737.3172624,112738.5,112738.6,112738.550000
1758706737.5807521,112738.5,112738.6,112738.550000
1758706737.844674,112738.5,112738.6,112738.550000
1758706738.1011913,112738.5,112738.6,112738.550000
1758706738.3961325,112738.5,112738.6,112738.550000
1758706738.7063158,112738.5,112738.6,112738.550000
1758706738.9701579,112738.5,112738.6,112738.550000
1758706739.226182,112738.5,112738.6,112738.550000
1758706739.524324,112738.5,112738.6,112738.550000
1758706739.8030837,112738.5,112738.6,112738.550000
1758706740.07256,112738.5,112738.6,112738.550000
1758706740.3281906,112738.5,112738.6,112738.550000
1758706740.6153598,112738.5,112738.6,112738.550000
1758706740.8751655,112738.5,112738.6,112738.550000
1758706741.205266,112738.5,112738.6,112738.550000
1758706741.5163846,112738.5,112738.6,112738.550000
1758706741.768345,112738.5,112738.6,112738.550000
1758706742.0855558,112738.5,112738.6,112738.550000
1758706742.4185333,112738.5,112738.6,112738.550000
1758706742.7068162,112738.5,112738.6,112738.550000
1758706742.9968681,112738.5,112738.6,112738.550000
1758706743.2804346,112738.5,112738.6,112738.550000
1758706743.557001,112738.5,112738.6,112738.550000
1758706743.8209186,112738.5,112738.6,112738.550000
1758706744.0739295,112738.5,112738.6,112738.550000
1758706744.3469207,112738.5,112738.6,112738.550000
1758706744.6758113,112738.5,112738.6,112738.550000
1758706744.9417887,112738.5,112738.6,112738.550000
1758706745.267623,112738.5,112738.6,112738.550000
1758706745.542069,112738.5,112738.6,112738.550000
1758706745.8576407,112738.5,112738.6,112738.550000
1758706746.265733,112738.5,112738.6,112738.550000
1758706746.5073712,112738.5,112738.6,112738.550000
1758706746.7854779,112738.5,112738.6,112738.550000
1758706747.128567,112738.5,112738.6,112738.550000
1758706747.4228077,112738.5,112738.6,112738.550000
1758706747.6940632,112738.5,112738.6,112738.550000
1758706747.9843683,112738.5,112738.6,112738.550000
1758706748.2681885,112738.5,112738.6,112738.550000
1758706748.560328,112738.5,112738.6,112738.550000
1758706748.8257785,112738.5,112738.6,112738.550000
1758706749.1144679,112738.5,112738.6,112738.550000
1758706749.4893863,112738.6,112738.7,112738.650000
1758706749.770847,112739.9,112741.3,112740.600000
1758706750.0522704,112741.2,112741.3,112741.250000
1758706750.3180344,112741.2,112741.3,112741.250000
1758706750.6681664,112747.4,112747.5,112747.450000
1758706750.977895,112749.8,112749.9,112749.850000
1758706751.2324784,112749.8,112749.9,112749.850000
1758706751.5481653,112749.8,112750.0,112749.900000
1758706751.8614175,112749.9,112750.0,112749.950000
1758706752.1255102,112749.9,112750.0,112749.950000
1758706752.3859975,112749.9,112750.0,112749.950000
1758706752.6532257,112749.9,112750.0,112749.950000
1758706752.912373,112749.9,112750.0,112749.950000
1758706753.1659381,112749.9,112750.0,112749.950000
1758706753.429856,112749.9,112750.0,112749.950000
1758706753.713678,112749.9,112750.0,112749.950000
1758706753.9953842,112749.9,112750.0,112749.950000
1758706754.2665794,112749.9,112750.0,112749.950000
1758706754.5395908,112749.9,112750.0,112749.950000
1758706754.826724,112749.9,112750.0,112749.950000
1758706755.0853028,112749.9,112750.0,112749.950000
1758706755.3672788,112752.5,112752.6,112752.550000
1758706755.6403534,112752.5,112752.6,112752.550000
1758706755.8998795,112752.5,112752.6,112752.550000
1758706756.1540856,112752.5,112752.6,112752.550000
1758706756.4567537,112752.5,112752.6,112752.550000
1758706756.7218735,112752.5,112752.6,112752.550000
1758706756.9879732,112753.6,112753.7,112753.650000
1758706757.260458,112753.6,112753.7,112753.650000
1758706757.5481162,112756.5,112757.1,112756.800000
1758706757.908833,112757.0,112757.1,112757.050000
1758706758.346431,112758.0,112758.1,112758.050000
1758706758.575249,112759.9,112762.7,112761.300000
1758706758.865424,112762.6,112762.7,112762.650000
1758706759.14581,112762.8,112762.9,112762.850000
1758706759.4827752,112765.5,112765.6,112765.550000
1758706759.763938,112765.5,112765.6,112765.550000
1758706760.0315824,112765.5,112765.6,112765.550000
1758706760.4573934,112765.5,112765.6,112765.550000
1758706760.729256,112765.5,112765.6,112765.550000
1758706761.0302646,112765.5,112765.6,112765.550000
1758706761.3879986,112765.5,112765.6,112765.550000
1758706761.5841126,112765.5,112765.6,112765.550000
1758706761.8668108,112769.6,112770.0,112769.800000
1758706762.1386862,112769.9,112770.0,112769.950000
1758706762.4269066,112769.9,112770.0,112769.950000
1758706762.773464,112769.9,112770.0,112769.950000
1758706763.1923172,112775.9,112777.1,112776.500000
1758706763.4577804,112777.0,112777.6,112777.300000
1758706763.7782547,112777.5,112777.6,112777.550000
1758706764.0598752,112778.3,112778.4,112778.350000
1758706764.3823476,112778.7,112778.8,112778.750000
1758706764.689463,112778.7,112778.8,112778.750000
1758706765.0504894,112780.7,112780.8,112780.750000
1758706765.389112,112780.9,112781.0,112780.950000
1758706765.6520119,112780.9,112781.0,112780.950000
1758706765.9125469,112780.9,112781.0,112780.950000
1758706766.2086425,112780.9,112781.0,112780.950000
1758706766.4547477,112780.9,112781.0,112780.950000
1758706766.7133648,112780.9,112781.0,112780.950000
1758706767.0226312,112780.9,112781.0,112780.950000
1758706767.3525658,112781.1,112781.2,112781.150000
1758706767.575292,112781.3,112781.4,112781.350000
1758706767.830749,112781.5,112781.6,112781.550000
1758706768.089696,112781.5,112781.6,112781.550000
1758706768.3413975,112781.7,112781.8,112781.750000
1758706768.6043715,112781.7,112781.8,112781.750000
1758706768.865817,112781.7,112781.8,112781.750000
1758706769.1183577,112781.7,112781.8,112781.750000
1758706769.407072,112781.7,112781.8,112781.750000
1758706769.724803,112781.7,112781.8,112781.750000
1758706770.0069268,112781.7,112781.8,112781.750000
1758706770.3989573,112781.7,112781.8,112781.750000
1758706770.5829642,112781.7,112781.8,112781.750000
1758706770.841555,112781.7,112781.8,112781.750000
1758706771.1392787,112769.8,112772.1,112770.950000
1758706771.5152535,112765.9,112766.0,112765.950000
1758706771.77538,112765.9,112766.0,112765.950000
1758706772.032018,112765.9,112766.0,112765.950000
1758706772.316619,112765.9,112766.0,112765.950000
1758706772.5647144,112765.9,112766.0,112765.950000
1758706772.8279235,112765.9,112766.0,112765.950000
1758706773.0844605,112765.9,112766.0,112765.950000
1758706773.356378,112765.9,112766.0,112765.950000
1758706773.6070492,112765.9,112766.0,112765.950000
1758706773.9099438,112765.9,112766.0,112765.950000
1758706774.1661382,112765.9,112766.0,112765.950000
1758706774.4697082,112765.9,112766.0,112765.950000
1758706774.7762501,112765.9,112766.0,112765.950000
1758706775.0512877,112765.9,112766.0,112765.950000
1758706775.3535419,112765.9,112766.0,112765.950000
1758706775.6237912,112765.9,112766.0,112765.950000
1758706775.935546,112765.9,112766.0,112765.950000
1758706776.3215847,112765.9,112766.0,112765.950000
1758706776.5600603,112765.9,112766.0,112765.950000
1758706776.8483772,112765.9,112766.0,112765.950000
1758706777.2060752,112765.9,112766.0,112765.950000
1758706777.4799592,112765.9,112766.0,112765.950000
1758706777.7347033,112765.9,112766.0,112765.950000
1758706778.000868,112765.9,112766.0,112765.950000
1758706778.2601695,112765.9,112766.0,112765.950000
1758706778.54012,112765.9,112766.0,112765.950000
1758706778.8241506,112765.9,112766.0,112765.950000
1758706779.079248,112765.9,112766.0,112765.950000
1758706779.3906076,112765.9,112766.0,112765.950000
1758706779.6569772,112765.9,112766.0,112765.950000
1758706779.9598944,112765.9,112766.0,112765.950000
1758706780.2444391,112765.9,112766.0,112765.950000
1758706780.5090234,112765.9,112766.0,112765.950000
1758706780.763256,112765.9,112766.0,112765.950000
1758706781.0206463,112765.9,112766.0,112765.950000
1758706781.3893301,112765.9,112766.0,112765.950000
1758706781.6574101,112765.9,112766.0,112765.950000
1758706781.9654477,112765.9,112766.0,112765.950000
1758706782.3036907,112765.9,112766.0,112765.950000
1758706782.5081313,112765.9,112766.0,112765.950000
1758706782.7678673,112765.9,112766.0,112765.950000
1758706783.054369,112765.9,112766.0,112765.950000
1758706783.3286233,112765.9,112766.0,112765.950000
1758706783.5823069,112765.9,112766.0,112765.950000
1758706783.855379,112765.9,112766.0,112765.950000
1758706784.1333342,112765.9,112766.0,112765.950000
1758706784.4038758,112765.9,112766.0,112765.950000
1758706784.6900556,112765.9,112766.0,112765.950000
1758706784.9675827,112765.9,112766.0,112765.950000
1758706785.3536572,112765.9,112766.0,112765.950000
1758706785.5147564,112765.9,112766.0,112765.950000
1758706785.7983923,112765.9,112766.0,112765.950000
1758706786.0880923,112765.9,112766.0,112765.950000
1758706786.4171896,112765.9,112766.0,112765.950000
1758706786.7364972,112765.9,112766.0,112765.950000
1758706787.023298,112765.9,112766.0,112765.950000
1758706787.332864,112765.9,112766.0,112765.950000
1758706787.586639,112765.9,112766.0,112765.950000
1758706787.883573,112765.9,112766.0,112765.950000
1758706788.1617079,112765.9,112766.0,112765.950000
1758706788.4401338,112765.9,112766.0,112765.950000
1758706788.744953,112765.9,112766.0,112765.950000
1758706789.0633671,112765.9,112766.0,112765.950000
1758706789.3680174,112765.9,112766.0,112765.950000
1758706789.7856972,112765.9,112766.0,112765.950000
1758706790.0809174,112765.9,112766.0,112765.950000
1758706790.3689654,112765.9,112766.0,112765.950000
1758706790.6294985,112760.0,112760.1,112760.050000
1758706790.9007373,112760.0,112760.1,112760.050000
1758706791.1590157,112760.0,112760.1,112760.050000
1758706791.4731753,112759.0,112759.1,112759.050000
1758706791.7272053,112759.0,112759.1,112759.050000
1758706791.9804435,112759.0,112759.1,112759.050000
1758706792.2906644,112757.1,112757.2,112757.150000
1758706792.5834143,112755.7,112755.8,112755.750000
1758706792.8515823,112755.7,112755.8,112755.750000
1758706793.1062386,112755.7,112755.8,112755.750000
1758706793.3787968,112755.7,112755.8,112755.750000
1758706793.6153064,112755.7,112755.8,112755.750000
1758706793.8669057,112755.7,112755.8,112755.750000
1758706794.1213706,112755.7,112755.8,112755.750000
1758706794.4140065,112755.7,112755.8,112755.750000
1758706794.7129183,112755.7,112755.8,112755.750000
1758706794.9803278,112755.7,112755.8,112755.750000
1758706795.342395,112755.7,112755.8,112755.750000
1758706795.633105,112755.7,112755.8,112755.750000
1758706795.9160254,112755.7,112755.8,112755.750000
1758706796.193987,112755.7,112755.8,112755.750000
1758706796.4711795,112755.7,112755.8,112755.750000
1758706796.914244,112755.7,112755.8,112755.750000
1758706797.3517687,112755.7,112755.8,112755.750000
1758706797.4766994,112755.7,112755.8,112755.750000
1758706797.745509,112755.7,112755.8,112755.750000
1758706798.0000246,112755.7,112755.8,112755.750000
1758706798.2962985,112755.7,112755.8,112755.750000
1758706798.5660493,112755.7,112755.8,112755.750000
1758706798.840066,112755.7,112755.8,112755.750000
1758706799.1365123,112755.7,112755.8,112755.750000
1758706799.4468076,112755.7,112755.8,112755.750000
1758706799.7932458,112755.7,112755.8,112755.750000
1758706800.0452898,112755.7,112755.8,112755.750000
1758706800.3560624,112755.7,112755.8,112755.750000
1758706800.634003,112755.7,112755.8,112755.750000
1758706800.9527264,112754.6,112755.3,112754.950000
1758706801.2427924,112754.6,112754.7,112754.650000
1758706801.500338,112754.6,112754.7,112754.650000
1758706801.848312,112751.2,112751.3,112751.250000
1758706802.1241767,112751.2,112751.3,112751.250000
1758706802.390956,112747.6,112751.2,112749.400000
1758706802.670646,112747.6,112747.7,112747.650000
1758706802.949753,112747.6,112747.7,112747.650000
1758706803.3184128,112747.6,112747.7,112747.650000
1758706803.4910476,112747.6,112747.7,112747.650000
1758706803.7538826,112747.6,112747.7,112747.650000
1758706804.010533,112747.6,112747.7,112747.650000
1758706804.2782354,112747.6,112747.7,112747.650000
1758706804.528895,112747.6,112747.7,112747.650000
1758706804.8138218,112747.6,112747.7,112747.650000
1758706805.1133049,112747.6,112747.7,112747.650000
1758706805.4068017,112747.6,112747.7,112747.650000
1758706805.6841142,112747.6,112747.7,112747.650000
1758706806.0197847,112747.0,112747.1,112747.050000
1758706806.3483865,112747.0,112747.1,112747.050000
1758706806.5561116,112747.0,112747.1,112747.050000
1758706806.8540134,112747.0,112747.1,112747.050000
1758706807.1058035,112747.0,112747.1,112747.050000
1758706807.383376,112747.0,112747.1,112747.050000
1758706807.636428,112747.0,112747.1,112747.050000
1758706807.9136949,112747.0,112747.1,112747.050000
1758706808.1710277,112747.0,112747.1,112747.050000
1758706808.4999287,112747.0,112747.1,112747.050000
1758706808.8197951,112747.0,112747.1,112747.050000
1758706809.1363435,112747.0,112747.1,112747.050000
1758706809.4566185,112747.0,112747.1,112747.050000
1758706809.728824,112747.0,112747.1,112747.050000
1758706810.0349038,112746.4,112746.5,112746.450000
1758706810.299648,112746.0,112746.1,112746.050000
1758706810.555433,112746.0,112746.1,112746.050000
1758706810.8572533,112735.5,112735.8,112735.650000
1758706811.1497095,112735.5,112735.8,112735.650000
1758706811.4185598,112735.3,112735.4,112735.350000
1758706811.7049372,112735.3,112735.4,112735.350000
1758706811.9685514,112735.3,112735.4,112735.350000
1758706812.2993617,112735.3,112735.4,112735.350000
1758706812.499225,112735.3,112735.4,112735.350000
1758706812.7577212,112735.3,112735.4,112735.350000
1758706813.0499096,112735.3,112735.4,112735.350000
1758706813.3107216,112734.8,112734.9,112734.850000
1758706813.63412,112734.4,112734.5,112734.450000
1758706813.8932796,112726.8,112726.9,112726.850000
1758706814.193629,112726.8,112726.9,112726.850000
1758706814.4588594,112726.8,112726.9,112726.850000
1758706814.7130408,112726.8,112726.9,112726.850000
1758706814.9799614,112726.8,112726.9,112726.850000
1758706815.3186197,112726.8,112726.9,112726.850000
1758706815.5428445,112726.8,112726.9,112726.850000
1758706815.7967334,112726.8,112726.9,112726.850000
1758706816.0531137,112726.8,112726.9,112726.850000
1758706816.3425179,112726.8,112726.9,112726.850000
1758706816.6108925,112726.8,112726.9,112726.850000
1758706816.8643491,112726.8,112726.9,112726.850000
1758706817.1219275,112726.8,112726.9,112726.850000
1758706817.505264,112726.8,112726.9,112726.850000
1758706817.7775753,112726.8,112726.9,112726.850000
1758706818.0628617,112726.8,112726.9,112726.850000
1758706818.3297586,112726.8,112726.9,112726.850000
1758706818.6100874,112726.8,112726.9,112726.850000
1758706818.8922098,112726.8,112726.9,112726.850000
1758706819.2038856,112726.8,112726.9,112726.850000
1758706819.4312608,112726.8,112726.9,112726.850000
1758706819.6886754,112726.8,112726.9,112726.850000
1758706819.9876401,112726.8,112726.9,112726.850000
1758706820.249672,112726.8,112726.9,112726.850000
1758706820.5038455,112726.8,112726.9,112726.850000
1758706820.7638407,112726.8,112726.9,112726.850000
1758706821.0240548,112726.8,112726.9,112726.850000
1758706821.3391953,112726.8,112726.9,112726.850000
1758706821.558519,112726.8,112726.9,112726.850000
1758706821.827536,112726.8,112726.9,112726.850000
1758706822.099425,112726.8,112726.9,112726.850000
1758706822.3545234,112726.8,112726.9,112726.850000
1758706822.6551414,112726.8,112726.9,112726.850000
1758706822.9228873,112726.8,112726.9,112726.850000
1758706823.245135,112726.8,112726.9,112726.850000
1758706823.548804,112726.8,112726.9,112726.850000
1758706823.824366,112726.8,112726.9,112726.850000
1758706824.0926685,112726.8,112726.9,112726.850000
1758706824.418811,112726.8,112726.9,112726.850000
1758706824.6900685,112726.8,112726.9,112726.850000
1758706824.9715784,112726.8,112726.9,112726.850000
1758706825.2408543,112726.8,112726.9,112726.850000
1758706825.4835536,112726.8,112726.9,112726.850000
1758706825.7413552,112726.8,112726.9,112726.850000
1758706826.0798938,112726.8,112726.9,112726.850000
1758706826.3400702,112726.8,112726.9,112726.850000
1758706826.6569188,112726.8,112726.9,112726.850000
1758706826.9441125,112726.8,112726.9,112726.850000
1758706827.3432143,112726.8,112726.9,112726.850000
1758706827.5836554,112726.8,112726.9,112726.850000
1758706827.9183028,112726.8,112726.9,112726.850000
1758706828.1758173,112726.8,112726.9,112726.850000
1758706828.5238264,112726.8,112726.9,112726.850000
1758706828.8133464,112726.8,112726.9,112726.850000
1758706829.1096356,112726.8,112726.9,112726.850000
1758706829.3769314,112726.8,112726.9,112726.850000
1758706829.684284,112726.8,112726.9,112726.850000
1758706829.9511867,112726.8,112726.9,112726.850000
1758706830.3379474,112726.8,112726.9,112726.850000
1758706830.677787,112726.8,112726.9,112726.850000
1758706830.9385526,112726.8,112726.9,112726.850000
1758706831.204098,112726.8,112726.9,112726.850000
1758706831.4821346,112726.8,112726.9,112726.850000
1758706831.801947,112726.8,112726.9,112726.850000
1758706832.0696368,112726.8,112726.9,112726.850000
1758706832.4085326,112726.8,112726.9,112726.850000
1758706832.6756463,112726.8,112726.9,112726.850000
1758706832.9306643,112726.8,112726.9,112726.850000
1758706833.3060493,112726.8,112726.9,112726.850000
1758706833.5102732,112726.8,112726.9,112726.850000
1758706833.839722,112726.8,112726.9,112726.850000
1758706834.1184707,112726.8,112726.9,112726.850000
1758706834.416238,112726.8,112726.9,112726.850000
1758706834.7114365,112726.8,112726.9,112726.850000
1758706834.9792044,112726.8,112726.9,112726.850000
1758706835.2894113,112726.8,112726.9,112726.850000
1758706835.5758321,112726.8,112726.9,112726.850000
1758706835.8347495,112726.8,112726.9,112726.850000
1758706836.1306498,112726.8,112726.9,112726.850000
1758706836.3914742,112726.8,112726.9,112726.850000
1758706836.698116,112726.8,112726.9,112726.850000
1758706836.9547095,112726.8,112726.9,112726.850000
1758706837.2560797,112726.8,112726.9,112726.850000
1758706837.5142968,112726.8,112726.9,112726.850000
1758706837.811576,112726.8,112726.9,112726.850000
1758706838.0967388,112726.8,112726.9,112726.850000
1758706838.4020078,112726.8,112726.9,112726.850000
1758706838.7017822,112726.8,112726.9,112726.850000
1758706838.9704206,112726.8,112726.9,112726.850000
1758706839.323449,112726.8,112726.9,112726.850000
1758706839.4976778,112726.8,112726.9,112726.850000
1758706839.7688897,112726.8,112726.9,112726.850000
1758706840.0587332,112726.8,112726.9,112726.850000
1758706840.3702064,112726.8,112726.9,112726.850000
1758706840.6252542,112726.8,112726.9,112726.850000
1758706840.9221783,112726.8,112726.9,112726.850000
1758706841.2794886,112726.8,112726.9,112726.850000
1758706841.5956938,112726.8,112726.9,112726.850000
1758706841.8994195,112726.8,112726.9,112726.850000
1758706842.1993275,112726.8,112726.9,112726.850000
1758706842.4757307,112726.8,112726.9,112726.850000
1758706842.7276845,112726.8,112726.9,112726.850000
1758706843.1371632,112726.8,112726.9,112726.850000
1758706843.4684782,112726.8,112726.9,112726.850000
1758706843.7506642,112726.8,112726.9,112726.850000
1758706844.020309,112726.8,112726.9,112726.850000
1758706844.2874732,112726.8,112726.9,112726.850000
1758706844.5800343,112726.8,112726.9,112726.850000
1758706844.869547,112726.8,112726.9,112726.850000
1758706845.1304178,112726.8,112726.9,112726.850000
1758706845.3919916,112726.8,112726.9,112726.850000
1758706845.682607,112726.8,112726.9,112726.850000
1758706845.9435148,112726.8,112726.9,112726.850000
1758706846.2310905,112726.8,112726.9,112726.850000
1758706846.511226,112726.8,112726.9,112726.850000
1758706846.796833,112726.8,112726.9,112726.850000
1758706847.0710003,112726.8,112726.9,112726.850000
1758706847.3260906,112726.8,112726.9,112726.850000
1758706847.60395,112726.8,112726.9,112726.850000
1758706847.8709748,112726.8,112726.9,112726.850000
1758706848.1543121,112726.8,112726.9,112726.850000
1758706848.4138343,112726.8,112726.9,112726.850000
1758706848.6983583,112726.8,112726.9,112726.850000
1758706848.9875793,112726.8,112726.9,112726.850000
1758706849.3187582,112726.8,112726.9,112726.850000
1758706849.5758245,112726.8,112726.9,112726.850000
1758706850.0856314,112726.8,112726.9,112726.850000
1758706850.4143353,112726.8,112726.9,112726.850000
1758706850.6772552,112726.8,112726.9,112726.850000
1758706850.9505017,112726.8,112726.9,112726.850000
1758706851.3631587,112726.8,112726.9,112726.850000
1758706851.5283518,112726.8,112726.9,112726.850000
1758706851.7929318,112726.8,112726.9,112726.850000
1758706852.0619304,112726.8,112726.9,112726.850000
1758706852.3455281,112726.8,112726.9,112726.850000
1758706852.6543903,112726.8,112726.9,112726.850000
1758706853.0372963,112726.8,112726.9,112726.850000
1758706853.3173368,112726.8,112726.9,112726.850000
1758706853.574036,112726.8,112726.9,112726.850000
1758706853.8327377,112726.8,112726.9,112726.850000
1758706854.1043522,112726.8,112726.9,112726.850000
1758706854.4427106,112726.8,112726.9,112726.850000
1758706854.714934,112726.8,112726.9,112726.850000
1758706855.0362942,112726.8,112726.9,112726.850000
1758706855.3293724,112726.8,112726.9,112726.850000
1758706855.5824497,112726.8,112726.9,112726.850000
1758706855.8934364,112726.8,112726.9,112726.850000
1758706856.1466348,112726.8,112726.9,112726.850000
1758706856.4841137,112726.8,112726.9,112726.850000
1758706856.8710217,112726.8,112726.9,112726.850000
1758706857.1518283,112726.8,112726.9,112726.850000
1758706857.4471514,112726.8,112726.9,112726.850000
1758706857.7018247,112726.8,112726.9,112726.850000
1758706857.955967,112726.8,112726.9,112726.850000
1758706858.2298007,112726.8,112726.9,112726.850000
1758706858.4789853,112726.8,112726.9,112726.850000
1758706858.7322514,112726.8,112726.9,112726.850000
1758706859.0169878,112726.8,112726.9,112726.850000
1758706859.3600538,112726.8,112726.9,112726.850000
1758706859.617232,112726.8,112726.9,112726.850000
1758706859.8968754,112726.8,112726.9,112726.850000
1758706860.1689467,112726.8,112726.9,112726.850000
1758706860.4769335,112726.8,112726.9,112726.850000
1758706860.7682126,112726.8,112726.9,112726.850000
1758706861.0600483,112726.8,112726.9,112726.850000
1758706861.3119824,112726.8,112726.9,112726.850000
1758706861.597339,112726.8,112726.9,112726.850000
1758706861.8561976,112726.8,112726.9,112726.850000
1758706862.1734602,112726.8,112726.9,112726.850000
1758706862.5182242,112726.8,112726.9,112726.850000
1758706862.8187869,112726.8,112726.9,112726.850000
1758706863.0910075,112726.8,112726.9,112726.850000
1758706863.4371035,112726.8,112726.9,112726.850000
1758706863.7269728,112726.8,112726.9,112726.850000
1758706864.01492,112726.8,112726.9,112726.850000
1758706864.2860339,112726.8,112726.9,112726.850000
1758706864.5533144,112726.8,112726.9,112726.850000
1758706864.817447,112726.8,112726.9,112726.850000
1758706865.0792465,112726.8,112726.9,112726.850000
1758706865.38749,112726.8,112726.9,112726.850000
1758706865.6475039,112726.8,112726.9,112726.850000
1758706865.9120862,112726.8,112726.9,112726.850000
1758706866.3789647,112726.8,112726.9,112726.850000
1758706866.5073497,112726.8,112726.9,112726.850000
1758706866.773031,112726.8,112726.9,112726.850000
1758706867.052061,112726.8,112726.9,112726.850000
1758706867.3561578,112726.8,112726.9,112726.850000
1758706867.6487854,112726.8,112726.9,112726.850000
1758706867.9347007,112726.8,112726.9,112726.850000
1758706868.209586,112726.8,112726.9,112726.850000
1758706868.5083346,112726.8,112726.9,112726.850000
1758706868.8183374,112726.8,112726.9,112726.850000
1758706869.3207107,112726.8,112726.9,112726.850000
1758706869.4521275,112726.8,112726.9,112726.850000
1758706869.7072172,112726.8,112726.9,112726.850000
1758706869.9981809,112726.8,112726.9,112726.850000
1758706870.2481058,112726.8,112726.9,112726.850000
1758706870.5128114,112726.8,112726.9,112726.850000
1758706870.8062575,112726.8,112726.9,112726.850000
1758706871.1334713,112726.8,112726.9,112726.850000
1758706871.478688,112726.8,112726.9,112726.850000
1758706871.7835639,112726.8,112726.9,112726.850000
1758706872.1255336,112726.8,112726.9,112726.850000
1758706872.485457,112726.8,112726.9,112726.850000
1758706872.6889565,112726.8,112726.9,112726.850000
1758706873.0073175,112726.8,112726.9,112726.850000
1758706873.2812037,112726.8,112726.9,112726.850000
1758706873.549297,112726.8,112726.9,112726.850000
1758706873.810533,112726.8,112726.9,112726.850000
1758706874.2122078,112726.8,112726.9,112726.850000
1758706874.4531195,112726.8,112726.9,112726.850000
1758706874.916836,112726.8,112726.9,112726.850000
1758706875.2296274,112726.8,112726.9,112726.850000
1758706875.4939952,112726.8,112726.9,112726.850000
1758706875.7703757,112726.8,112726.9,112726.850000
1758706876.0480678,112726.8,112727.0,112726.900000
1758706876.3384862,112726.8,112727.0,112726.900000
1758706876.6409786,112727.0,112730.0,112728.500000
1758706876.9033694,112726.8,112726.9,112726.850000
1758706877.2134995,112735.3,112735.4,112735.350000
1758706877.446479,112735.3,112735.4,112735.350000
1758706877.701514,112735.3,112735.4,112735.350000
1758706877.9666843,112735.3,112735.4,112735.350000
1758706878.2426372,112735.3,112735.4,112735.350000
1758706878.4876761,112735.3,112735.4,112735.350000
1758706878.77345,112735.3,112735.4,112735.350000
1758706879.0238345,112735.3,112735.4,112735.350000
1758706879.2984467,112735.3,112735.4,112735.350000
1758706879.5954223,112735.3,112735.4,112735.350000
1758706879.9327495,112735.3,112735.4,112735.350000
1758706880.232829,112735.3,112735.4,112735.350000
1758706880.4866462,112735.3,112735.4,112735.350000
1758706880.7285132,112735.3,112735.4,112735.350000
1758706880.9962938,112735.3,112735.4,112735.350000
1758706881.4059784,112735.3,112735.4,112735.350000
1758706881.6744053,112735.3,112735.4,112735.350000
1758706881.9488244,112735.3,112735.4,112735.350000
1758706882.3112545,112735.3,112735.4,112735.350000
1758706882.5359972,112735.3,112735.4,112735.350000
1758706882.8369932,112735.3,112735.4,112735.350000
1758706883.1037104,112735.3,112735.4,112735.350000
1758706883.357294,112735.3,112735.4,112735.350000
1758706883.6726184,112735.3,112735.4,112735.350000
1758706883.9838445,112735.3,112735.4,112735.350000
1758706884.3733895,112735.3,112735.4,112735.350000
1758706884.574778,112735.3,112735.4,112735.350000
1758706884.859637,112735.5,112735.6,112735.550000
1758706885.1349435,112735.5,112735.6,112735.550000
1758706885.3911254,112735.5,112735.6,112735.550000
1758706885.6612537,112735.5,112735.6,112735.550000
1758706885.9385123,112735.5,112735.6,112735.550000
1758706886.209699,112735.5,112735.6,112735.550000
1758706886.4783905,112735.5,112735.6,112735.550000
1758706886.7370276,112735.5,112735.6,112735.550000
1758706886.997413,112735.5,112735.6,112735.550000
1758706887.410861,112735.5,112735.6,112735.550000
1758706887.540576,112735.5,112735.6,112735.550000
1758706887.7988431,112735.5,112735.6,112735.550000
1758706888.0808392,112735.5,112735.6,112735.550000
1758706888.3587623,112735.5,112735.6,112735.550000
1758706888.6233385,112735.5,112735.6,112735.550000
1758706888.94282,112735.5,112735.6,112735.550000
1758706889.2141354,112735.5,112735.6,112735.550000
1758706889.5354097,112735.5,112735.6,112735.550000
1758706889.8115342,112735.5,112735.6,112735.550000
1758706890.1138198,112735.5,112735.6,112735.550000
1758706890.370097,112735.5,112735.6,112735.550000
1758706890.6286933,112735.5,112735.6,112735.550000
1758706890.9182029,112735.5,112735.6,112735.550000
1758706891.246778,112735.5,112735.6,112735.550000
1758706891.5346348,112735.5,112735.6,112735.550000
1758706891.8152177,112735.5,112735.6,112735.550000
1758706892.0799203,112735.5,112735.6,112735.550000
1758706892.3518138,112735.5,112735.6,112735.550000
1758706892.6240547,112735.5,112735.6,112735.550000
1758706892.9024067,112735.5,112735.6,112735.550000
1758706893.159464,112735.5,112735.6,112735.550000
1758706893.4129057,112735.5,112735.6,112735.550000
1758706893.674935,112735.5,112735.6,112735.550000
1758706893.9273925,112735.5,112735.6,112735.550000
1758706894.2646244,112735.5,112735.6,112735.550000
1758706894.5380013,112735.5,112735.6,112735.550000
1758706894.8675416,112735.5,112735.6,112735.550000
1758706895.1264584,112735.5,112735.6,112735.550000
1758706895.421848,112735.5,112735.6,112735.550000
1758706895.8165786,112735.5,112735.6,112735.550000
1758706896.107268,112735.5,112735.6,112735.550000
1758706896.4120204,112735.5,112735.6,112735.550000
1758706896.878237,112735.5,112735.6,112735.550000
1758706897.1608763,112735.5,112735.6,112735.550000
1758706897.4418018,112735.5,112735.6,112735.550000
1758706897.7157292,112735.5,112735.6,112735.550000
1758706897.9903593,112735.5,112735.6,112735.550000
1758706898.297789,112735.5,112735.6,112735.550000
1758706898.6049678,112735.5,112735.6,112735.550000
1758706898.9442854,112726.8,112726.9,112726.850000
1758706899.2784724,112726.8,112726.9,112726.850000
1758706899.4812543,112726.8,112726.9,112726.850000
1758706899.7504601,112726.8,112726.9,112726.850000
1758706900.0717924,112725.0,112725.1,112725.050000
1758706900.3495188,112725.0,112725.1,112725.050000
1758706900.6166635,112725.0,112725.1,112725.050000
1758706900.882887,112724.7,112724.8,112724.750000
1758706901.1368566,112724.7,112724.8,112724.750000
1758706901.4125226,112723.8,112723.9,112723.850000
1758706901.7079618,112723.8,112723.9,112723.850000
1758706901.9608483,112723.8,112723.9,112723.850000
1758706902.3175383,112723.8,112723.9,112723.850000
1758706902.4775493,112723.8,112723.9,112723.850000
1758706902.7471833,112723.8,112723.9,112723.850000
1758706903.0094874,112723.8,112723.9,112723.850000
1758706903.2952213,112723.8,112723.9,112723.850000
1758706903.6436489,112723.8,112723.9,112723.850000
1758706903.9333205,112723.8,112723.9,112723.850000
1758706904.3523622,112723.8,112723.9,112723.850000
1758706904.6252756,112723.8,112723.9,112723.850000
1758706904.887651,112723.8,112723.9,112723.850000
1758706905.145515,112723.8,112723.9,112723.850000
1758706905.449462,112723.8,112723.9,112723.850000
1758706905.7054124,112723.8,112723.9,112723.850000
1758706905.9622655,112723.8,112723.9,112723.850000
1758706906.3086195,112723.8,112723.9,112723.850000
1758706906.5896096,112723.8,112723.9,112723.850000
1758706906.8642452,112722.2,112722.3,112722.250000
1758706907.1415076,112721.6,112721.7,112721.650000
1758706907.3920643,112720.5,112720.6,112720.550000
1758706907.6502945,112720.5,112720.6,112720.550000
1758706907.9315274,112720.5,112720.6,112720.550000
1758706908.2167916,112720.5,112720.6,112720.550000
1758706908.4816847,112720.5,112720.6,112720.550000
1758706908.7141292,112720.5,112720.6,112720.550000
1758706908.9850106,112720.5,112720.6,112720.550000
1758706909.2357607,112720.5,112720.6,112720.550000
1758706909.5465612,112720.5,112720.6,112720.550000
1758706909.8130581,112720.5,112720.6,112720.550000
1758706910.092963,112720.5,112720.6,112720.550000
1758706910.399514,112720.5,112720.6,112720.550000
1758706910.6563332,112720.5,112720.6,112720.550000
1758706910.954976,112720.5,112720.6,112720.550000
1758706911.362309,112720.5,112720.6,112720.550000
1758706911.4902103,112720.5,112720.6,112720.550000
1758706911.7986286,112720.5,112720.6,112720.550000
1758706912.0650141,112720.5,112720.6,112720.550000
1758706912.4572322,112720.5,112720.6,112720.550000
1758706912.7106142,112720.5,112720.6,112720.550000
1758706912.9942021,112720.2,112720.3,112720.250000
1758706913.2533543,112720.0,112720.1,112720.050000
1758706913.5026217,112720.0,112720.1,112720.050000
1758706913.7710714,112720.0,112720.1,112720.050000
1758706914.0711305,112719.6,112719.7,112719.650000
1758706914.3751214,112719.6,112719.7,112719.650000
1758706914.6132936,112719.6,112719.7,112719.650000
1758706914.8659348,112719.6,112719.7,112719.650000
1758706915.1351585,112719.6,112719.7,112719.650000
1758706915.4073675,112719.6,112719.7,112719.650000
1758706915.6583092,112719.6,112719.7,112719.650000
1758706915.9458342,112719.6,112719.7,112719.650000
1758706916.209169,112719.6,112719.7,112719.650000
1758706916.49342,112719.6,112719.7,112719.650000
1758706916.754127,112719.6,112719.7,112719.650000
1758706917.0266864,112719.6,112719.7,112719.650000
1758706917.350432,112719.6,112719.7,112719.650000
1758706917.545409,112719.6,112719.7,112719.650000
1758706917.8067515,112719.6,112719.7,112719.650000
1758706918.070705,112719.6,112719.7,112719.650000
1758706918.33666,112719.6,112719.7,112719.650000
1758706918.5953777,112719.6,112719.7,112719.650000
1758706918.9505317,112719.6,112719.7,112719.650000
1758706919.2237186,112719.6,112719.7,112719.650000
1758706919.4936602,112719.6,112719.7,112719.650000
1758706919.799204,112719.6,112719.7,112719.650000
1758706920.0596297,112719.6,112719.7,112719.650000
1758706920.3387842,112719.6,112719.7,112719.650000
1758706920.6145217,112719.6,112719.7,112719.650000
1758706920.8983989,112719.6,112719.7,112719.650000
1758706921.2058332,112719.6,112719.7,112719.650000
1758706921.4695845,112719.6,112719.7,112719.650000
1758706921.7770567,112719.6,112719.7,112719.650000
1758706922.0431867,112719.6,112719.7,112719.650000
1758706922.2957733,112719.6,112719.7,112719.650000
1758706922.603883,112719.6,112719.7,112719.650000
1758706922.8901253,112719.6,112719.7,112719.650000
1758706923.2200186,112719.6,112719.7,112719.650000
1758706923.48205,112719.6,112719.7,112719.650000
1758706923.780935,112719.6,112719.7,112719.650000
1758706924.070079,112719.6,112719.7,112719.650000
1758706924.3251235,112719.6,112719.7,112719.650000
1758706924.6515777,112719.6,112719.7,112719.650000
1758706924.925472,112719.6,112719.7,112719.650000
1758706925.2074046,112719.6,112719.7,112719.650000
1758706925.4884412,112719.6,112719.7,112719.650000
1758706925.7609124,112719.6,112719.7,112719.650000
1758706926.0781229,112719.6,112719.7,112719.650000
1758706926.3616157,112719.6,112719.7,112719.650000
1758706926.6162093,112719.6,112719.7,112719.650000
1758706926.9340334,112719.6,112719.7,112719.650000
1758706927.2149425,112719.6,112719.7,112719.650000
1758706927.5298915,112719.6,112719.7,112719.650000
1758706927.8732479,112719.6,112719.7,112719.650000
1758706928.2124333,112719.6,112719.7,112719.650000
1758706928.522309,112719.6,112719.7,112719.650000
1758706928.7808027,112719.6,112719.7,112719.650000
1758706929.0315948,112719.6,112719.7,112719.650000
1758706929.3383229,112719.6,112719.7,112719.650000
1758706929.5879807,112719.6,112719.7,112719.650000
1758706929.8622072,112719.6,112719.7,112719.650000
1758706930.1237779,112719.6,112719.7,112719.650000
1758706930.4841306,112719.6,112719.7,112719.650000
1758706930.8176117,112719.6,112719.7,112719.650000
1758706931.0994694,112719.6,112719.7,112719.650000
1758706931.3675025,112719.6,112719.7,112719.650000
1758706931.6211894,112719.6,112719.7,112719.650000
1758706931.884419,112719.6,112719.7,112719.650000
1758706932.136469,112719.6,112719.7,112719.650000
1758706932.3920968,112719.6,112719.7,112719.650000
1758706932.6504295,112719.6,112719.7,112719.650000
1758706932.9085908,112719.6,112719.7,112719.650000
1758706933.2339125,112719.6,112719.7,112719.650000
1758706933.4840033,112719.6,112719.7,112719.650000
1758706933.7381356,112719.6,112719.7,112719.650000
1758706934.003984,112719.6,112719.7,112719.650000
1758706934.3726926,112719.6,112719.7,112719.650000
1758706934.6653342,112719.6,112719.7,112719.650000
1758706934.9257734,112719.6,112719.7,112719.650000
1758706935.3084762,112719.6,112719.7,112719.650000
1758706935.4846005,112719.6,112719.7,112719.650000
1758706935.7695174,112719.6,112719.7,112719.650000
1758706936.0951788,112719.6,112719.7,112719.650000
1758706936.3569305,112719.6,112719.7,112719.650000
1758706936.6548102,112719.6,112719.7,112719.650000
1758706936.9219842,112719.6,112719.7,112719.650000
1758706937.257471,112719.6,112719.7,112719.650000
1758706937.557903,112719.6,112719.7,112719.650000
1758706937.838574,112719.6,112719.7,112719.650000
1758706938.0927289,112719.6,112719.7,112719.650000
1758706938.4760728,112719.6,112719.7,112719.650000
1758706938.774883,112719.6,112719.7,112719.650000
1758706939.0714488,112719.6,112719.7,112719.650000
1758706939.3373559,112719.6,112719.7,112719.650000
1758706939.6782472,112719.6,112719.7,112719.650000
1758706940.123481,112719.6,112719.7,112719.650000
1758706940.4069464,112719.6,112719.7,112719.650000
1758706940.6928535,112719.6,112719.7,112719.650000
1758706940.9837706,112719.6,112719.7,112719.650000
1758706941.304549,112719.6,112719.7,112719.650000
1758706941.520465,112719.6,112719.7,112719.650000
1758706941.8192532,112719.6,112719.7,112719.650000
1758706942.1206365,112719.6,112719.7,112719.650000
1758706942.5944166,112719.6,112719.7,112719.650000
1758706942.8718204,112719.6,112719.7,112719.650000
1758706943.2911494,112719.6,112719.7,112719.650000
1758706943.5616245,112719.6,112719.7,112719.650000
1758706943.818151,112719.6,112719.7,112719.650000
1758706944.081249,112719.6,112719.7,112719.650000
1758706944.3882544,112719.6,112719.7,112719.650000
1758706944.646336,112719.6,112719.7,112719.650000
1758706945.023667,112719.6,112719.7,112719.650000
1758706945.3402567,112719.6,112719.7,112719.650000
1758706945.6140797,112719.6,112719.7,112719.650000
1758706945.8743393,112719.6,112719.7,112719.650000
1758706946.2502837,112719.6,112719.7,112719.650000
1758706946.572565,112719.6,112719.7,112719.650000
1758706946.9087281,112719.6,112719.7,112719.650000
1758706947.348129,112719.6,112719.7,112719.650000
1758706947.5348456,112719.6,112719.7,112719.650000
1758706947.789485,112719.6,112719.7,112719.650000
1758706948.091126,112719.6,112719.7,112719.650000
1758706948.3844476,112719.6,112719.7,112719.650000
1758706948.6494029,112719.6,112719.7,112719.650000
1758706948.916984,112719.6,112719.7,112719.650000
1758706949.235266,112719.6,112719.7,112719.650000
1758706949.4982722,112719.6,112719.7,112719.650000
1758706949.7701378,112719.6,112719.7,112719.650000
1758706950.0714447,112719.6,112719.7,112719.650000
1758706950.329786,112719.6,112719.7,112719.650000
1758706950.6394389,112719.6,112719.7,112719.650000
1758706950.9131393,112719.6,112719.7,112719.650000
1758706951.1980371,112719.6,112719.7,112719.650000
1758706951.4647286,112719.6,112719.7,112719.650000
1758706951.7181547,112719.6,112719.7,112719.650000
1758706951.9730709,112719.6,112719.7,112719.650000
1758706952.2241995,112719.6,112719.7,112719.650000
1758706952.4811792,112719.6,112719.7,112719.650000
1758706952.7450957,112719.6,112719.7,112719.650000
1758706953.0619602,112719.6,112719.7,112719.650000
1758706953.3565834,112719.6,112719.7,112719.650000
1758706953.6149137,112719.6,112719.7,112719.650000
1758706953.8735979,112719.6,112719.7,112719.650000
1758706954.2015905,112719.6,112719.7,112719.650000
1758706954.4930456,112719.5,112719.6,112719.550000
1758706954.821283,112719.5,112719.6,112719.550000
1758706955.117478,112719.5,112719.6,112719.550000
1758706955.416718,112719.5,112719.6,112719.550000
1758706955.723612,112719.5,112719.6,112719.550000
1758706956.0107903,112719.5,112719.6,112719.550000
1758706956.3396077,112719.5,112719.6,112719.550000
1758706956.597826,112719.5,112719.6,112719.550000
1758706956.8797455,112719.5,112719.6,112719.550000
1758706957.1390517,112719.5,112719.6,112719.550000
1758706957.4115317,112719.5,112719.6,112719.550000
1758706957.745721,112719.5,112719.6,112719.550000
1758706958.0583072,112719.5,112719.6,112719.550000
1758706958.3454907,112719.5,112719.6,112719.550000
1758706958.642158,112719.5,112719.6,112719.550000
1758706958.911636,112719.5,112719.6,112719.550000
1758706959.2600827,112719.5,112719.6,112719.550000
1758706959.5317461,112719.5,112719.6,112719.550000
1758706959.7919815,112719.5,112719.6,112719.550000
1758706960.1253593,112719.5,112719.6,112719.550000
1758706960.4860787,112719.5,112719.6,112719.550000
1758706960.785827,112719.5,112719.6,112719.550000
1758706961.142191,112719.5,112719.6,112719.550000
1758706961.3955545,112719.5,112719.6,112719.550000
1758706961.9169378,112719.5,112719.6,112719.550000
1758706962.3413305,112719.5,112719.6,112719.550000
1758706962.442065,112719.5,112719.6,112719.550000
1758706962.7034495,112719.5,112719.6,112719.550000
1758706962.960959,112719.5,112719.6,112719.550000
1758706963.2326083,112719.5,112719.6,112719.550000
1758706963.506542,112719.5,112719.6,112719.550000
1758706963.7883532,112719.5,112719.6,112719.550000
1758706964.12135,112719.5,112719.6,112719.550000
1758706964.3814003,112719.5,112719.6,112719.550000
1758706964.6312363,112719.5,112719.6,112719.550000
1758706964.9253478,112719.5,112719.6,112719.550000
1758706965.1968393,112719.5,112719.6,112719.550000
1758706965.6050472,112719.5,112719.6,112719.550000
1758706965.9084046,112719.5,112719.6,112719.550000
1758706966.1989067,112719.5,112719.6,112719.550000
1758706966.5412912,112719.5,112719.6,112719.550000
1758706966.8443856,112719.5,112719.6,112719.550000
1758706967.1993682,112719.5,112719.6,112719.550000
1758706967.5069947,112719.5,112719.6,112719.550000
1758706967.7856636,112719.5,112719.6,112719.550000
1758706968.1174097,112719.5,112719.6,112719.550000
1758706968.373032,112719.5,112719.6,112719.550000
1758706968.659146,112719.5,112719.6,112719.550000
1758706968.9241529,112719.5,112719.6,112719.550000
1758706969.2088907,112719.5,112719.6,112719.550000
1758706969.4875996,112719.5,112719.6,112719.550000
1758706969.7650294,112719.5,112719.6,112719.550000
1758706970.0564463,112719.5,112719.6,112719.550000
1758706970.3268936,112719.5,112719.6,112719.550000
1758706970.5929384,112719.5,112719.6,112719.550000
1758706970.9759324,112719.5,112719.6,112719.550000
1758706971.3429496,112719.5,112719.6,112719.550000
1758706971.601112,112719.5,112719.6,112719.550000
1758706971.858463,112719.5,112719.6,112719.550000
1758706972.1328058,112719.5,112719.6,112719.550000
1758706972.4780192,112719.5,112719.6,112719.550000
1758706972.7932866,112719.5,112719.6,112719.550000
1758706973.0459428,112719.5,112719.6,112719.550000
1758706973.3074033,112719.5,112719.6,112719.550000
1758706973.568011,112719.5,112719.6,112719.550000
1758706973.8304532,112719.5,112719.6,112719.550000
1758706974.100718,112719.5,112719.6,112719.550000
1758706974.385436,112719.5,112719.6,112719.550000
1758706974.650257,112719.5,112719.6,112719.550000
1758706974.9163222,112719.5,112719.6,112719.550000
1758706975.2031033,112719.5,112719.6,112719.550000
1758706975.4241526,112719.5,112719.6,112719.550000
1758706975.7053015,112719.5,112719.6,112719.550000
1758706975.961836,112719.5,112719.6,112719.550000
1758706976.2348058,112719.5,112719.6,112719.550000
1758706976.5005941,112719.5,112719.6,112719.550000
1758706976.7757056,112719.5,112719.6,112719.550000
1758706977.0318744,112719.5,112719.6,112719.550000
1758706977.3332262,112719.5,112719.6,112719.550000
1758706977.581494,112719.5,112719.6,112719.550000
1758706977.8514676,112719.5,112719.6,112719.550000
1758706978.2193077,112719.5,112719.6,112719.550000
1758706978.4829826,112719.5,112719.6,112719.550000
1758706978.784685,112719.5,112719.6,112719.550000
1758706979.0497856,112719.5,112719.6,112719.550000
1758706979.3917792,112719.5,112719.6,112719.550000
1758706979.6771886,112719.5,112719.6,112719.550000
1758706979.9855628,112719.5,112719.6,112719.550000
1758706980.35583,112719.5,112719.6,112719.550000
1758706980.5239513,112719.5,112719.6,112719.550000
1758706980.7793703,112719.5,112719.6,112719.550000
1758706981.201291,112719.5,112719.6,112719.550000
1758706981.486839,112719.5,112719.6,112719.550000
1758706981.7562294,112719.5,112719.6,112719.550000
1758706982.0535905,112719.5,112719.6,112719.550000
1758706982.3236415,112719.5,112719.6,112719.550000
1758706982.588569,112719.5,112719.6,112719.550000
1758706982.8544364,112719.5,112719.6,112719.550000
1758706983.1170912,112719.5,112719.6,112719.550000
1758706983.506164,112719.5,112719.6,112719.550000
1758706983.7617185,112719.5,112719.6,112719.550000
1758706984.0840356,112719.5,112719.6,112719.550000
1758706984.441008,112719.5,112719.6,112719.550000
1758706984.694699,112719.5,112719.6,112719.550000
1758706985.0675194,112719.5,112719.6,112719.550000
1758706985.3324275,112719.5,112719.6,112719.550000
1758706985.5921876,112719.5,112719.6,112719.550000
1758706985.8540761,112719.5,112719.6,112719.550000
1758706986.1193721,112719.5,112719.6,112719.550000
1758706986.4758358,112719.5,112719.6,112719.550000
1758706986.8079045,112719.5,112719.6,112719.550000
1758706987.144236,112719.5,112719.6,112719.550000
1758706987.5119004,112719.5,112719.6,112719.550000
1758706987.7675006,112719.5,112719.6,112719.550000
1758706988.030104,112719.5,112719.6,112719.550000
1758706988.3880951,112719.5,112719.6,112719.550000
1758706988.6909344,112719.5,112719.6,112719.550000
1758706988.9558854,112719.5,112719.6,112719.550000
1758706989.2829807,112719.5,112719.6,112719.550000
1758706989.5077412,112719.5,112719.6,112719.550000
1758706989.7622678,112719.5,112719.6,112719.550000
1758706990.0558653,112719.5,112719.6,112719.550000
1758706990.3158712,112719.5,112719.6,112719.550000
1758706990.5932465,112719.5,112719.6,112719.550000
1758706990.8540723,112719.5,112719.6,112719.550000
1758706991.1044295,112719.6,112719.7,112719.650000
1758706991.3692884,112719.6,112719.7,112719.650000
1758706991.6190586,112719.6,112719.7,112719.650000
1758706991.9080422,112719.6,112719.7,112719.650000
1758706992.1662543,112719.6,112719.7,112719.650000
1758706992.4451387,112719.6,112719.7,112719.650000
1758706992.750037,112719.6,112719.7,112719.650000
1758706993.0373547,112719.6,112719.7,112719.650000
1758706993.2978735,112719.6,112719.7,112719.650000
1758706993.5681846,112720.5,112720.6,112720.550000
1758706993.8185709,112720.5,112720.6,112720.550000
1758706994.0900187,112720.5,112720.6,112720.550000
1758706994.3705792,112720.5,112720.6,112720.550000
1758706994.6392484,112720.5,112720.6,112720.550000
1758706994.8919132,112720.5,112720.6,112720.550000
1758706995.1494098,112720.5,112720.6,112720.550000
1758706995.4062948,112720.5,112720.6,112720.550000
1758706995.69578,112720.5,112720.6,112720.550000
1758706996.0294454,112720.5,112720.6,112720.550000
1758706996.318772,112720.5,112720.6,112720.550000
1758706996.6309166,112720.5,112720.6,112720.550000
1758706996.9261985,112720.5,112720.6,112720.550000
1758706997.2035773,112720.5,112720.6,112720.550000
1758706997.4730315,112720.5,112720.6,112720.550000
1758706997.730818,112720.5,112720.6,112720.550000
1758706997.9841697,112724.7,112724.8,112724.750000
1758706998.3136923,112724.7,112724.8,112724.750000
1758706998.5465395,112724.7,112724.8,112724.750000
1758706998.8187017,112724.7,112724.8,112724.750000
1758706999.0926468,112724.7,112724.8,112724.750000
1758706999.3680987,112724.7,112724.8,112724.750000
1758706999.6225717,112724.7,112724.8,112724.750000
1758706999.8758876,112724.7,112724.8,112724.750000
1758707000.127615,112724.7,112724.8,112724.750000
1758707000.3841922,112724.7,112724.8,112724.750000
1758707000.6429057,112724.7,112724.8,112724.750000
1758707000.8999932,112724.7,112724.8,112724.750000
1758707001.3071823,112724.7,112724.8,112724.750000
1758707001.540552,112724.7,112724.8,112724.750000
1758707001.875475,112724.7,112724.8,112724.750000
1758707002.1624389,112724.7,112724.8,112724.750000
1758707002.4505057,112724.7,112724.8,112724.750000
1758707002.741054,112724.7,112724.8,112724.750000
1758707003.1189523,112724.7,112724.8,112724.750000
1758707003.4044297,112724.7,112724.8,112724.750000
1758707003.7574596,112724.7,112724.8,112724.750000
1758707004.0750995,112724.7,112724.8,112724.750000
1758707004.352654,112724.7,112724.8,112724.750000
1758707004.648109,112724.7,112724.8,112724.750000
1758707004.9397905,112724.7,112724.8,112724.750000
1758707005.2464073,112724.7,112724.8,112724.750000
1758707005.6053412,112724.7,112724.8,112724.750000
1758707005.8646548,112724.7,112724.8,112724.750000
1758707006.128103,112724.7,112724.8,112724.750000
1758707006.464923,112724.7,112724.8,112724.750000
1758707006.729617,112724.7,112724.8,112724.750000
1758707007.0349746,112724.7,112724.8,112724.750000
1758707007.3178134,112724.7,112724.8,112724.750000
1758707007.614499,112724.7,112724.8,112724.750000
1758707007.889345,112724.7,112724.8,112724.750000
1758707008.1612375,112724.7,112724.8,112724.750000
1758707008.4277518,112724.7,112724.8,112724.750000
1758707008.693811,112724.7,112724.8,112724.750000
1758707009.1595325,112724.7,112724.8,112724.750000
1758707009.4382288,112724.7,112724.8,112724.750000
1758707009.77996,112724.7,112724.8,112724.750000
1758707010.03437,112724.7,112724.8,112724.750000
1758707010.3532135,112724.7,112724.8,112724.750000
1758707010.6046083,112724.7,112724.8,112724.750000
1758707010.8693275,112724.7,112724.8,112724.750000
1758707011.2036767,112724.7,112724.8,112724.750000
1758707011.4679513,112724.7,112724.8,112724.750000
1758707011.7283359,112724.7,112724.8,112724.750000
1758707011.9829652,112724.7,112724.8,112724.750000
1758707012.2937272,112724.7,112724.8,112724.750000
1758707012.5670786,112724.7,112724.8,112724.750000
1758707012.8300505,112724.7,112724.8,112724.750000
1758707013.0894265,112724.7,112724.8,112724.750000
1758707013.3592103,112724.7,112724.8,112724.750000
1758707013.6199136,112724.7,112724.8,112724.750000
1758707013.9049435,112724.7,112724.8,112724.750000
1758707014.2648215,112724.7,112724.8,112724.750000
1758707014.5430315,112724.7,112724.8,112724.750000
1758707014.7981262,112724.7,112724.8,112724.750000
1758707015.0773916,112724.7,112724.8,112724.750000
1758707015.3489428,112724.7,112724.8,112724.750000
1758707015.616803,112724.7,112724.8,112724.750000
1758707015.921397,112724.7,112724.8,112724.750000
1758707016.3304183,112724.7,112724.8,112724.750000
1758707016.610715,112724.7,112724.8,112724.750000
1758707016.9060614,112724.7,112724.8,112724.750000
1758707017.2013223,112724.7,112724.8,112724.750000
1758707017.491325,112724.7,112724.8,112724.750000
1758707017.8123384,112724.7,112724.8,112724.750000
1758707018.0943456,112724.7,112724.8,112724.750000
1758707018.4005046,112724.7,112724.8,112724.750000
1758707018.658967,112724.7,112724.8,112724.750000
1758707018.9193692,112724.7,112724.8,112724.750000
1758707019.2883408,112724.7,112724.8,112724.750000
1758707019.539422,112724.7,112724.8,112724.750000
1758707019.8185246,112724.7,112724.8,112724.750000
1758707020.0960267,112724.7,112724.8,112724.750000
1758707020.3599994,112724.7,112724.8,112724.750000
1758707020.6139436,112724.7,112724.8,112724.750000
1758707020.9491186,112724.7,112724.8,112724.750000
1758707021.221242,112724.7,112724.8,112724.750000
1758707021.4795797,112724.7,112724.8,112724.750000
1758707021.741287,112724.7,112724.8,112724.750000
1758707021.9953778,112724.7,112724.8,112724.750000
1758707022.3102915,112724.7,112724.8,112724.750000
1758707022.5642672,112724.7,112724.8,112724.750000
1758707022.8245845,112724.7,112724.8,112724.750000
1758707023.095921,112724.7,112724.8,112724.750000
1758707023.3454273,112724.7,112724.8,112724.750000
1758707023.6005604,112724.7,112724.8,112724.750000
1758707023.9518428,112724.7,112724.8,112724.750000
1758707024.327104,112724.7,112724.8,112724.750000
1758707024.5891788,112724.7,112724.8,112724.750000
1758707024.8685677,112724.7,112724.8,112724.750000
1758707025.1413956,112724.7,112724.8,112724.750000
1758707025.398424,112724.7,112724.8,112724.750000
1758707025.647563,112724.7,112724.8,112724.750000
1758707025.9049225,112724.7,112724.8,112724.750000
1758707026.2079487,112724.7,112724.8,112724.750000
1758707026.4972322,112724.7,112724.8,112724.750000
1758707026.8229423,112724.7,112724.8,112724.750000
1758707027.1195846,112724.7,112724.8,112724.750000
1758707027.4394834,112724.7,112724.8,112724.750000
1758707027.8767395,112724.7,112724.8,112724.750000
1758707028.333661,112724.7,112724.8,112724.750000
1758707028.4561183,112724.7,112724.8,112724.750000
1758707028.799469,112724.7,112724.8,112724.750000
1758707029.0595915,112724.7,112724.8,112724.750000
1758707029.3374307,112724.7,112724.8,112724.750000
1758707029.613063,112724.7,112724.8,112724.750000
1758707029.8682046,112724.7,112724.8,112724.750000
1758707030.1359136,112724.7,112724.8,112724.750000
1758707030.401234,112724.7,112724.8,112724.750000
1758707030.7291708,112724.7,112724.8,112724.750000
1758707030.9800053,112724.7,112724.8,112724.750000
1758707031.3037827,112724.7,112724.8,112724.750000
1758707031.530402,112724.7,112724.8,112724.750000
1758707031.8016002,112724.7,112724.8,112724.750000
1758707032.0647078,112724.7,112724.8,112724.750000
1758707032.416029,112724.7,112724.8,112724.750000
1758707032.7398787,112724.7,112724.8,112724.750000
1758707033.0392323,112724.7,112724.8,112724.750000
1758707033.3318706,112724.7,112724.8,112724.750000
1758707033.588121,112724.7,112724.8,112724.750000
1758707033.878928,112724.7,112724.8,112724.750000
1758707034.1334095,112720.7,112721.4,112721.050000
1758707034.3962939,112719.5,112719.6,112719.550000
1758707034.6575077,112719.5,112719.6,112719.550000
1758707035.0152066,112717.3,112717.4,112717.350000
1758707035.3923914,112715.5,112716.6,112716.050000
1758707035.646032,112715.5,112715.6,112715.550000
1758707035.8973415,112715.2,112715.3,112715.250000
1758707036.1759942,112712.7,112712.8,112712.750000
1758707036.4073794,112712.7,112712.8,112712.750000
1758707036.702008,112712.7,112712.8,112712.750000
1758707036.957053,112712.7,112712.8,112712.750000
1758707037.2885942,112712.7,112712.8,112712.750000
1758707037.5022318,112712.7,112712.8,112712.750000
1758707037.774251,112712.7,112712.8,112712.750000
1758707038.0300133,112712.7,112712.8,112712.750000
1758707038.309023,112712.2,112712.8,112712.500000
1758707038.7045994,112710.0,112710.1,112710.050000
1758707039.0395548,112708.0,112708.1,112708.050000
1758707039.4158893,112708.0,112708.1,112708.050000
1758707039.6764321,112708.0,112708.1,112708.050000
1758707039.940203,112706.0,112708.1,112707.050000
1758707040.2576492,112706.0,112706.1,112706.050000
1758707040.544598,112701.4,112703.1,112702.250000
1758707040.8329964,112701.4,112701.5,112701.450000
1758707041.0927334,112701.1,112701.2,112701.150000
1758707041.388981,112701.1,112701.2,112701.150000
1758707041.6437883,112701.1,112701.2,112701.150000
1758707041.9144163,112701.1,112701.2,112701.150000
1758707042.1979895,112701.1,112701.2,112701.150000
1758707042.4337938,112701.1,112701.2,112701.150000
1758707042.6923022,112701.1,112701.2,112701.150000
1758707042.9644685,112701.1,112701.2,112701.150000
1758707043.308156,112701.1,112701.2,112701.150000
1758707043.5555875,112701.1,112701.2,112701.150000
1758707043.8230882,112701.1,112701.2,112701.150000
1758707044.0833998,112701.1,112701.2,112701.150000
1758707044.3622558,112701.1,112701.2,112701.150000
1758707044.6299863,112701.1,112701.2,112701.150000
1758707044.9257116,112701.1,112701.2,112701.150000
1758707045.1944346,112701.1,112701.2,112701.150000
1758707045.5538456,112701.1,112701.2,112701.150000
1758707045.807348,112701.1,112701.2,112701.150000
1758707046.067151,112701.1,112701.2,112701.150000
1758707046.3612175,112701.1,112701.2,112701.150000
1758707046.5775294,112701.1,112701.2,112701.150000
1758707046.8320794,112701.1,112701.2,112701.150000
1758707047.1089756,112701.1,112701.2,112701.150000
1758707047.3691986,112701.1,112701.2,112701.150000
1758707047.8016508,112701.1,112701.2,112701.150000
1758707048.1056993,112701.1,112701.2,112701.150000
1758707048.3644698,112701.1,112701.2,112701.150000
1758707048.6150627,112701.1,112701.2,112701.150000
1758707048.8789704,112701.1,112701.2,112701.150000
1758707049.137012,112701.1,112701.2,112701.150000
1758707049.3968587,112701.1,112701.2,112701.150000
1758707049.6483228,112701.1,112701.2,112701.150000
1758707049.9126124,112701.1,112701.2,112701.150000
1758707050.2217188,112701.1,112701.2,112701.150000
1758707050.4844499,112701.1,112701.2,112701.150000
1758707050.7416153,112701.1,112701.2,112701.150000
1758707051.064611,112701.1,112701.2,112701.150000
1758707051.3560889,112701.1,112701.2,112701.150000
1758707051.6226091,112701.1,112701.2,112701.150000
1758707051.9085147,112701.1,112701.2,112701.150000
1758707052.215422,112701.1,112701.2,112701.150000
1758707052.4597678,112701.1,112701.2,112701.150000
1758707052.7086112,112701.1,112701.2,112701.150000
1758707052.9746642,112701.1,112701.2,112701.150000
1758707053.2928128,112701.1,112701.2,112701.150000
1758707053.564241,112701.1,112701.2,112701.150000
1758707053.8319447,112701.1,112701.2,112701.150000
1758707054.1553495,112701.1,112701.2,112701.150000
1758707054.417407,112701.1,112701.2,112701.150000
1758707054.6826582,112701.1,112701.2,112701.150000
1758707054.9464624,112701.1,112701.2,112701.150000
1758707055.3150485,112701.1,112701.2,112701.150000
1758707055.5308108,112701.1,112701.2,112701.150000
1758707055.7806518,112701.1,112701.2,112701.150000
1758707056.0399587,112701.1,112701.2,112701.150000
1758707056.3177414,112701.1,112701.2,112701.150000
1758707056.6039584,112701.1,112701.2,112701.150000
1758707056.8907676,112701.1,112701.2,112701.150000
1758707057.1507905,112701.1,112701.2,112701.150000
1758707057.5344338,112701.1,112701.2,112701.150000
1758707057.804405,112701.1,112701.2,112701.150000
1758707058.06721,112701.1,112701.2,112701.150000
1758707058.3248105,112701.1,112701.2,112701.150000
1758707058.6013153,112701.1,112701.2,112701.150000
1758707058.9133775,112701.1,112701.2,112701.150000
1758707059.1694763,112701.0,112701.1,112701.050000
1758707059.4400077,112701.0,112701.1,112701.050000
1758707059.716255,112701.0,112701.1,112701.050000
1758707060.0171003,112701.0,112701.1,112701.050000
1758707060.2817602,112701.0,112701.1,112701.050000
1758707060.5693023,112701.0,112701.1,112701.050000
1758707060.8534951,112701.0,112701.1,112701.050000
1758707061.1250947,112700.0,112700.1,112700.050000
1758707061.3777633,112700.0,112700.1,112700.050000
1758707061.726654,112700.0,112700.1,112700.050000
1758707062.0264647,112700.0,112700.1,112700.050000
1758707062.2798154,112700.0,112700.1,112700.050000
1758707062.5314033,112700.0,112700.1,112700.050000
1758707062.8140335,112700.0,112700.1,112700.050000
1758707063.0906258,112700.0,112700.1,112700.050000
1758707063.4023807,112700.0,112700.1,112700.050000
1758707063.7501435,112700.0,112700.1,112700.050000
1758707064.016424,112700.0,112700.1,112700.050000
1758707064.3192043,112700.0,112700.1,112700.050000
1758707064.6396067,112700.0,112700.1,112700.050000
1758707065.005133,112700.0,112700.1,112700.050000
1758707065.2650106,112700.0,112700.1,112700.050000
1758707065.5192356,112700.0,112700.1,112700.050000
1758707065.8866637,112700.0,112700.1,112700.050000
1758707066.1494682,112700.0,112700.1,112700.050000
1758707066.4182298,112700.0,112700.1,112700.050000
1758707066.7340734,112700.0,112700.1,112700.050000
1758707067.038572,112700.0,112700.1,112700.050000
1758707067.3457081,112700.0,112700.1,112700.050000
1758707067.5829525,112700.0,112700.1,112700.050000
1758707067.868071,112700.0,112700.1,112700.050000
1758707068.1302807,112700.0,112700.1,112700.050000
1758707068.4882615,112700.0,112700.1,112700.050000
1758707068.8015559,112700.0,112700.1,112700.050000
1758707069.0556772,112700.0,112700.1,112700.050000
1758707069.3259354,112700.0,112700.1,112700.050000
1758707069.577343,112700.0,112700.1,112700.050000
1758707069.8533618,112700.0,112700.1,112700.050000
1758707070.3093798,112700.0,112700.1,112700.050000
1758707070.5292623,112700.0,112700.1,112700.050000
1758707070.8049316,112700.0,112700.1,112700.050000
1758707071.0728176,112700.0,112700.1,112700.050000
1758707071.3284574,112700.0,112700.1,112700.050000
1758707071.6088576,112700.0,112700.1,112700.050000
1758707071.9039943,112700.0,112700.1,112700.050000
1758707072.1973414,112700.0,112700.1,112700.050000
1758707072.455904,112700.0,112700.1,112700.050000
1758707072.715278,112700.0,112700.1,112700.050000
1758707073.0315065,112700.0,112700.1,112700.050000
1758707073.3459787,112700.0,112700.1,112700.050000
1758707073.8243241,112700.0,112700.1,112700.050000
1758707074.09128,112700.0,112700.1,112700.050000
1758707074.3872058,112700.0,112700.1,112700.050000
1758707074.641925,112700.0,112700.1,112700.050000
1758707074.9326468,112700.0,112700.1,112700.050000
1758707075.2544796,112700.0,112700.1,112700.050000
1758707075.53625,112700.0,112700.1,112700.050000
1758707075.9143627,112700.0,112700.1,112700.050000
1758707076.2981696,112700.0,112700.1,112700.050000
1758707076.627749,112700.0,112700.1,112700.050000
1758707076.8856835,112700.0,112700.1,112700.050000
1758707077.146196,112700.0,112700.1,112700.050000
1758707077.428626,112700.0,112700.1,112700.050000
1758707077.7126586,112700.0,112700.1,112700.050000
1758707077.9925268,112700.0,112700.1,112700.050000
1758707078.2925196,112700.0,112700.1,112700.050000
1758707078.5536256,112700.0,112700.1,112700.050000
1758707078.832552,112700.0,112700.1,112700.050000
1758707079.154086,112700.0,112700.1,112700.050000
1758707079.5175683,112700.0,112700.1,112700.050000
1758707079.7890525,112700.0,112700.1,112700.050000
1758707080.0669801,112700.0,112700.1,112700.050000
1758707080.3607886,112700.0,112700.1,112700.050000
1758707080.6505094,112700.0,112700.1,112700.050000
1758707081.0008206,112700.0,112700.1,112700.050000
1758707081.2622657,112700.0,112700.1,112700.050000
1758707081.5291762,112700.0,112700.1,112700.050000
1758707081.8162856,112700.0,112700.1,112700.050000
1758707082.16037,112700.0,112700.1,112700.050000
1758707082.4207768,112700.0,112700.1,112700.050000
1758707082.7841897,112700.0,112700.1,112700.050000
1758707083.0519218,112700.0,112700.1,112700.050000
1758707083.3853335,112700.0,112700.1,112700.050000
1758707083.665903,112700.0,112700.1,112700.050000
1758707083.9294493,112700.0,112700.1,112700.050000
1758707084.1970525,112700.0,112700.1,112700.050000
1758707084.4780817,112700.0,112700.1,112700.050000
1758707084.8267927,112700.0,112700.1,112700.050000
1758707085.0919347,112700.0,112700.1,112700.050000
1758707085.3593583,112700.0,112700.1,112700.050000
1758707085.6322417,112700.0,112700.1,112700.050000
1758707085.887719,112700.0,112700.1,112700.050000
1758707086.1713495,112700.0,112700.1,112700.050000
1758707086.516929,112700.0,112700.1,112700.050000
1758707086.8019392,112700.0,112700.1,112700.050000
1758707087.0572088,112700.0,112700.1,112700.050000
1758707087.3135648,112700.0,112700.1,112700.050000
1758707087.5864027,112700.0,112700.1,112700.050000
1758707087.844014,112700.0,112700.1,112700.050000
1758707088.123988,112700.0,112700.1,112700.050000
1758707088.3728964,112700.0,112700.1,112700.050000
1758707088.6395607,112700.0,112700.1,112700.050000
1758707088.9819582,112700.0,112700.1,112700.050000
1758707089.4165652,112700.0,112700.1,112700.050000
1758707089.681023,112700.0,112700.1,112700.050000
1758707089.9710147,112700.0,112700.1,112700.050000
1758707090.2218378,112700.0,112700.1,112700.050000
1758707090.4768965,112700.0,112700.1,112700.050000
1758707090.7311,112700.0,112700.1,112700.050000
1758707091.0578618,112700.0,112700.1,112700.050000
1758707091.3534536,112700.0,112700.1,112700.050000
1758707091.6220577,112700.0,112700.1,112700.050000
1758707091.8773987,112700.0,112700.1,112700.050000
1758707092.2020917,112700.0,112700.1,112700.050000
1758707092.5168555,112700.0,112700.1,112700.050000
1758707092.837261,112700.0,112700.1,112700.050000
1758707093.092625,112700.0,112700.1,112700.050000
1758707093.3650944,112700.0,112700.1,112700.050000
1758707093.6714633,112700.0,112700.1,112700.050000
1758707093.9395952,112700.0,112700.1,112700.050000
1758707094.259093,112700.0,112700.1,112700.050000
1758707094.4567769,112700.0,112700.1,112700.050000
1758707094.7777836,112700.0,112700.1,112700.050000
1758707095.0728137,112700.0,112700.1,112700.050000
1758707095.3434212,112700.0,112700.1,112700.050000
1758707095.612161,112700.0,112700.1,112700.050000
1758707095.8890042,112700.0,112700.1,112700.050000
1758707096.1462913,112700.0,112700.1,112700.050000
1758707096.4357595,112700.0,112700.1,112700.050000
1758707096.7065527,112700.0,112700.1,112700.050000
1758707096.9604282,112700.0,112700.1,112700.050000
1758707097.348776,112699.9,112700.0,112699.950000
1758707097.5783648,112699.9,112700.0,112699.950000
1758707097.8284514,112699.9,112700.0,112699.950000
1758707098.0795739,112699.9,112700.0,112699.950000
1758707098.330528,112699.9,112700.0,112699.950000
1758707098.5872889,112699.9,112700.0,112699.950000
1758707098.8423822,112699.9,112700.0,112699.950000
1758707099.168454,112699.9,112700.0,112699.950000
1758707099.418245,112699.9,112700.0,112699.950000
1758707099.6884553,112699.9,112700.0,112699.950000
1758707099.9984994,112699.9,112700.0,112699.950000
1758707100.3244119,112699.9,112700.0,112699.950000
1758707100.5158708,112699.9,112700.0,112699.950000
1758707100.874848,112699.9,112700.0,112699.950000
1758707101.1305442,112699.9,112700.0,112699.950000
1758707101.4339092,112699.9,112700.0,112699.950000
1758707101.6865747,112699.9,112700.0,112699.950000
1758707101.9771004,112699.9,112700.0,112699.950000
1758707102.2448807,112699.9,112700.0,112699.950000
1758707102.561262,112699.9,112700.0,112699.950000
1758707102.8980825,112699.9,112700.0,112699.950000
1758707103.2246625,112699.9,112700.0,112699.950000
1758707103.5308285,112699.9,112700.0,112699.950000
1758707103.8365896,112699.9,112700.0,112699.950000
1758707104.1099513,112699.9,112700.0,112699.950000
1758707104.3740153,112699.9,112700.0,112699.950000
1758707104.6372392,112699.9,112700.0,112699.950000
1758707104.9915407,112699.9,112700.0,112699.950000
1758707105.2543976,112699.9,112700.0,112699.950000
1758707105.5034056,112699.9,112700.0,112699.950000
1758707105.7681994,112699.9,112700.0,112699.950000
1758707106.054541,112699.9,112700.0,112699.950000
1758707106.3610592,112699.9,112700.0,112699.950000
1758707106.6440887,112699.9,112700.0,112699.950000
1758707106.9141178,112699.9,112700.0,112699.950000
1758707107.2000465,112699.9,112700.0,112699.950000
1758707107.475731,112699.9,112700.0,112699.950000
1758707107.728092,112699.9,112700.0,112699.950000
1758707107.9872963,112699.9,112700.0,112699.950000
1758707108.3120408,112699.9,112700.0,112699.950000
1758707108.5857482,112699.9,112700.0,112699.950000
1758707108.8719797,112699.9,112700.0,112699.950000
1758707109.131455,112699.9,112700.0,112699.950000
1758707109.3922575,112699.9,112700.0,112699.950000
1758707109.7859137,112699.9,112700.0,112699.950000
1758707110.074357,112699.9,112700.0,112699.950000
