id,unix_timestamp_ms,side,price,quantity
7834423,1758739032109,sell,2.286400,140.440000
7834424,1758739032109,sell,2.286400,8.030000
7834425,1758739032109,sell,2.286400,2.660000
7834426,1758739032109,sell,2.286400,191.120000
7834427,1758739032109,sell,2.286400,191.120000
7834428,1758739032109,sell,2.286300,76.560000
7834429,1758739032109,sell,2.286200,97.420000
7834430,1758739032109,sell,2.286200,2.930000
7834431,1758739032109,sell,2.286200,16.180000
7834432,1758739032109,sell,2.286100,3.140000
7834433,1758739032110,sell,2.286100,74.260000
7834434,1758739032110,sell,2.286100,9.130000
7834435,1758739032110,sell,2.286100,68.600000
7834436,1758739032149,sell,2.286400,10.000000
7834437,1758739032156,sell,2.286400,10.000000
7834438,1758739032156,sell,2.286400,10.000000
7834439,1758739032159,sell,2.286400,10.000000
7834440,1758739032164,buy,2.286990,11122.550000
7834441,1758739032165,sell,2.286400,10.000000
7834442,1758739032171,sell,2.286400,10.000000
7834443,1758739032454,sell,2.286800,18.460000
7834444,1758739032454,sell,2.286700,23.890000
7834445,1758739032454,sell,2.286500,27.670000
7834446,1758739032454,sell,2.286500,100.070000
7834447,1758739032454,sell,2.286500,5.340000
7834448,1758739032456,sell,2.286000,16.890000
7834449,1758739032456,sell,2.286000,70.970000
7834450,1758739032481,sell,2.286400,10.000000
7834451,1758739032487,sell,2.286000,15.880000
7834452,1758739032487,sell,2.286000,42.940000
7834453,1758739032487,sell,2.286000,3.930000
7834454,1758739032487,sell,2.286000,13.910000
7834455,1758739032737,sell,2.286700,1092.650000
7834456,1758739032759,sell,2.286700,104.930000
7834457,1758739033011,buy,2.286700,1037.140000
7834458,1758739033145,buy,2.286700,5.020000
7834459,1758739033149,buy,2.286700,28.790000
7834460,1758739033149,buy,2.286700,33.820000
7834461,1758739033149,buy,2.286900,102.830000
7834462,1758739033149,buy,2.286900,44.000000
7834463,1758739033149,buy,2.287000,16.890000
7834464,1758739033407,sell,2.286900,10.000000
7834465,1758739033674,buy,2.287200,205.050000
7834466,1758739033674,buy,2.287300,397.150000
7834467,1758739033915,buy,2.287400,38.430000
7834468,1758739033915,buy,2.287400,9.740000
7834469,1758739033915,buy,2.287400,51.520000
7834470,1758739033915,buy,2.287500,86.850000
7834471,1758739033915,buy,2.287500,42.940000
7834472,1758739033915,buy,2.287600,161.480000
7834473,1758739033915,buy,2.287600,9.990000
7834474,1758739034005,buy,2.287600,11.020000
7834475,1758739034005,buy,2.287700,10.640000
7834476,1758739034158,buy,2.287700,18.310000
7834477,1758739034158,buy,2.287800,3.140000
7834478,1758739034158,buy,2.287900,4.370000
7834479,1758739034158,buy,2.287900,4.370000
7834480,1758739034158,buy,2.288000,4.370000
7834481,1758739034158,buy,2.288000,4.370000
7834482,1758739034158,buy,2.288000,4.370000
7834483,1758739034158,buy,2.288000,4.370000
7834484,1758739034158,buy,2.288000,4.370000
7834485,1758739034158,buy,2.288000,16.890000
7834486,1758739034158,buy,2.288000,3.930000
7834487,1758739034158,buy,2.288000,332.770000
7834488,1758739034189,buy,2.288000,353.260000
7834489,1758739034189,buy,2.288000,27.230000
7834490,1758739034189,buy,2.288000,89.600000
7834491,1758739034190,buy,2.288000,836.120000
7834492,1758739034190,buy,2.288100,74.260000
7834493,1758739034190,buy,2.288100,4.370000
7834494,1758739034190,buy,2.288200,200.730000
7834495,1758739034190,buy,2.288200,10.000000
7834496,1758739034190,buy,2.288300,10.000000
7834497,1758739034206,sell,2.287600,33.820000
7834498,1758739034206,sell,2.287600,33.820000
7834499,1758739034206,sell,2.287600,332.360000
7834500,1758739034296,sell,2.287800,10.000000
7834501,1758739034310,sell,2.288300,14609.310000
7834502,1758739034415,buy,2.288100,32.410000
7834503,1758739034415,buy,2.288300,180.270000
7834504,1758739034415,buy,2.288400,140.440000
7834505,1758739034415,buy,2.288500,55.990000
7834506,1758739034415,buy,2.288500,97.420000
7834507,1758739034415,buy,2.288600,110.990000
7834508,1758739034415,buy,2.288600,13.620000
7834509,1758739034489,buy,2.288300,33.820000
7834510,1758739034489,buy,2.288300,2.070000
7834511,1758739034596,sell,2.288100,44.000000
7834512,1758739034596,sell,2.287700,256.000000
7834513,1758739034859,buy,2.288000,44.000000
7834514,1758739034859,buy,2.288300,31.760000
7834515,1758739034859,buy,2.288400,814.560000
7834516,1758739035163,sell,2.288100,44.000000
7834517,1758739035163,sell,2.288000,33.830000
7834518,1758739035163,sell,2.288000,26.920000
7834519,1758739035226,sell,2.288000,104.800000
7834520,1758739035226,sell,2.287900,33.830000
7834521,1758739035226,sell,2.287900,33.830000
7834522,1758739035226,sell,2.287700,127.540000
4009212,1758739039676,buy,2.287300,395.680000
4009213,1758739040095,sell,2.287700,33.810000
4009214,1758739040167,sell,2.287600,37.310000
4009215,1758739040168,buy,2.287700,194.940000
4009216,1758739040338,buy,2.287700,3028.800000
4009217,1758739040710,buy,2.287600,33.810000
4009218,1758739040711,buy,2.287700,81.830000
4009219,1758739040780,sell,2.287400,65.550000
4009220,1758739040988,buy,2.287700,227.780000
4009221,1758739041837,buy,2.287500,111.820000
4009222,1758739042450,buy,2.287500,100.440000
4009223,1758739042450,buy,2.287600,856.200000
4009224,1758739042473,buy,2.287700,3840.350000
4009225,1758739042824,buy,2.287700,2098.170000
4009226,1758739043070,sell,2.287400,61.730000
4009227,1758739043177,sell,2.287400,50.000000
4009228,1758739043701,sell,2.287200,89.710000
4009229,1758739043701,sell,2.287100,2134.200000
4009230,1758739043701,sell,2.287000,99.560000
4009231,1758739043701,sell,2.286700,1077.460000
4009232,1758739043701,sell,2.286600,657.930000
4009233,1758739043868,buy,2.286700,13.170000
4009234,1758739044203,buy,2.286700,437.350000
4009235,1758739044221,buy,2.287100,44.000000
4009236,1758739044383,sell,2.286600,693.870000
4009237,1758739044414,buy,2.286710,23407.930000
4009238,1758739044510,sell,2.286600,34.880000
4009239,1758739044510,sell,2.286500,44.000000
4009240,1758739044510,sell,2.286400,21.120000
4009241,1758739044682,buy,2.286700,4.360000
4009242,1758739045127,buy,2.286800,304.310000
4009243,1758739045200,buy,2.287000,2.190000
4009244,1758739046042,buy,2.287000,100.400000
4009245,1758739046043,buy,2.287600,1177.090000
4009246,1758739046386,sell,2.287100,187.690000
4009247,1758739046483,buy,2.287200,1364.860000
4009248,1758739046493,sell,2.286800,50.230000
4009249,1758739046613,buy,2.287200,535.440000
4009250,1758739046653,buy,2.287100,8.610000
4009251,1758739046958,sell,2.286800,375.350000
4009252,1758739046958,sell,2.286600,278.880000
4009253,1758739047022,buy,2.287000,50.350000
4009254,1758739047118,buy,2.287100,58.590000
4009255,1758739047316,buy,2.287000,44.000000
4009256,1758739047316,buy,2.287100,257.860000
4009257,1758739047316,buy,2.287400,4.370000
4009258,1758739047316,buy,2.287500,4.370000
4009259,1758739047316,buy,2.287600,8.440000
4009260,1758739047316,buy,2.287700,3739.820000
4009261,1758739047632,buy,2.287600,114.920000
4009262,1758739048114,sell,2.287200,44.000000
4009263,1758739048114,sell,2.286500,1052.100000
4009264,1758739048181,sell,2.286400,310.650000
4009265,1758739048218,sell,2.286200,322.680000
4009266,1758739048606,sell,2.286500,104.620000
4009267,1758739048606,sell,2.286200,1895.380000
4009268,1758739048709,sell,2.286200,333.330000
4009269,1758739049202,sell,2.286100,174.570000
4009270,1758739049202,sell,2.286000,158.760000
4009271,1758739049231,sell,2.286190,9045.350000
4009272,1758739049943,sell,2.286000,1000.000000
4009273,1758739050388,buy,2.286600,44.000000
4009274,1758739050475,buy,2.287200,7.450000
4009275,1758739050476,sell,2.286500,472.140000
4009276,1758739050524,buy,2.287600,111.610000
4009277,1758739050567,sell,2.287000,4904.570000
4009278,1758739050679,buy,2.287600,6.520000
4009279,1758739050750,buy,2.287300,218.690000
4009280,1758739050959,sell,2.287200,806.140000
4009281,1758739050959,sell,2.286900,1023.290000
4009282,1758739050959,sell,2.286600,431.960000
4009283,1758739050959,sell,2.286400,1550.510000
4009284,1758739050959,sell,2.286300,265.740000
4009285,1758739050959,sell,2.286200,1271.090000
4009286,1758739050959,sell,2.286000,1516.100000
4009287,1758739050959,sell,2.285900,319.750000
4009288,1758739050959,sell,2.285800,846.050000
4009289,1758739050959,sell,2.285700,1706.620000
4009290,1758739051360,buy,2.285900,314.020000
4009291,1758739051463,sell,2.285800,1000.000000
4009292,1758739051479,sell,2.285700,13.090000
4009293,1758739051479,sell,2.285600,286.910000
4009294,1758739051505,buy,2.285900,191.400000
4009295,1758739051513,sell,2.285600,300.000000
4009296,1758739051764,sell,2.285600,2142.350000
4009297,1758739052149,sell,2.285500,154.780000
4009298,1758739052181,buy,2.285600,81.950000
4009299,1758739052254,sell,2.285500,1583.700000
4009300,1758739052316,sell,2.285400,771.450000
4009301,1758739052341,sell,2.285300,34.940000
4009302,1758739052341,sell,2.285200,140.770000
4009303,1758739052663,sell,2.285200,193.480000
4009304,1758739052775,sell,2.285200,470.400000
4009305,1758739052781,sell,2.285100,26.270000
4009306,1758739052781,sell,2.285000,553.870000
4009307,1758739052784,sell,2.284900,11.310000
4009308,1758739052792,sell,2.284800,41.710000
4009309,1758739052792,sell,2.284700,688.010000
4009310,1758739052792,sell,2.284600,124.920000
4009311,1758739053010,sell,2.284500,82.280000
4009312,1758739053012,sell,2.284400,148.950000
4009313,1758739053012,sell,2.284300,2210.890000
4009314,1758739053012,sell,2.284200,4048.600000
4009315,1758739053013,sell,2.284100,74.260000
4009316,1758739053013,sell,2.284000,661.960000
4009317,1758739053013,sell,2.283900,128.820000
4009318,1758739053013,sell,2.283800,109.180000
4009319,1758739053013,sell,2.283700,31.880000
4009320,1758739053013,sell,2.283600,110.140000
4009321,1758739053013,sell,2.283500,140.070000
4009322,1758739053025,sell,2.283400,38.600000
4009323,1758739053250,sell,2.283400,180.230000
4009324,1758739053344,sell,2.283300,78.330000
4009325,1758739053345,sell,2.283200,36.470000
4009326,1758739053345,sell,2.283100,870.240000
4009327,1758739053384,sell,2.283210,4029.940000
4009328,1758739053565,sell,2.283000,141.420000
4009329,1758739053675,sell,2.283000,165.680000
4009330,1758739053779,buy,2.283100,192.040000
4009331,1758739053804,sell,2.282900,68.920000
4009332,1758739053835,sell,2.282800,29.440000
4009333,1758739053839,sell,2.282700,30.140000
4009334,1758739053856,sell,2.282600,39.240000
4009335,1758739053858,sell,2.282500,71.540000
4009336,1758739053910,sell,2.282400,186.000000
4009337,1758739053943,sell,2.282600,6.520000
4009338,1758739053947,sell,2.282400,517.310000
4009339,1758739053975,sell,2.282300,765.490000
4009340,1758739053994,sell,2.282200,258.070000
4009341,1758739053995,sell,2.282100,114.860000
4009342,1758739054005,buy,2.282800,192.040000
4009343,1758739054014,sell,2.282100,321.820000
4009344,1758739054016,sell,2.282700,614.330000
4009345,1758739054016,sell,2.282100,87.400000
4009346,1758739054016,sell,2.282000,197.050000
4009347,1758739054016,sell,2.281900,57.860000
4009348,1758739054057,sell,2.282400,81.280000
4009349,1758739054057,sell,2.281900,193.420000
4009350,1758739054057,sell,2.281800,305.690000
4009351,1758739054423,sell,2.281800,94.780000
4009352,1758739054424,sell,2.281700,163.380000
4009353,1758739054424,sell,2.281600,638.600000
4009354,1758739054542,sell,2.281500,970.510000
4009355,1758739054542,sell,2.281400,123.100000
4009356,1758739054640,sell,2.281570,8557.210000
4009357,1758739054771,buy,2.281500,2579.790000
4009358,1758739054999,buy,2.281500,580.210000
4009359,1758739055066,sell,2.281400,24.970000
4009360,1758739055177,buy,2.281500,100.000000
4009361,1758739055215,sell,2.281400,323.020000
4009362,1758739055337,sell,2.281400,453.520000
4009363,1758739055483,sell,2.281400,602.960000
4009364,1758739055513,sell,2.281300,2038.600000
4009365,1758739055514,sell,2.281200,639.080000
4009366,1758739055521,sell,2.281100,12.060000
4009367,1758739055593,sell,2.281400,699.040000
4009368,1758739055637,sell,2.281300,3232.550000
4009369,1758739055637,sell,2.281000,160.530000
4009370,1758739055637,sell,2.280900,293.310000
4009371,1758739055637,sell,2.280800,11.780000
4009372,1758739055637,sell,2.280700,286.970000
4009373,1758739055637,sell,2.280600,36.440000
4009374,1758739055637,sell,2.280500,94.610000
4009375,1758739055637,sell,2.280400,737.460000
4009376,1758739055637,sell,2.280300,309.010000
4009377,1758739055637,sell,2.280200,181.390000
4009378,1758739055637,sell,2.280100,1011.210000
4009379,1758739055637,sell,2.280000,3370.520000
4009380,1758739055657,sell,2.281400,45.840000
4009381,1758739055796,buy,2.281200,13.470000
4009382,1758739055820,buy,2.281400,28.590000
4009383,1758739055867,sell,2.280900,48.790000
4009384,1758739055871,buy,2.281500,69.340000
4009385,1758739055872,buy,2.281600,129.790000
4009386,1758739055872,buy,2.281700,4.380000
4009387,1758739055872,buy,2.281800,880.960000
4009388,1758739055901,buy,2.281200,218.220000
4009389,1758739056014,sell,2.281100,36.870000
4009390,1758739056267,buy,2.281400,317.510000
4009391,1758739056279,buy,2.281500,44.000000
4009392,1758739056292,buy,2.282000,20.820000
4009393,1758739056352,buy,2.281820,17316.570000
4009394,1758739056497,buy,2.282100,74.260000
4009395,1758739056578,buy,2.282300,34.320000
4009396,1758739056578,buy,2.282400,140.440000
4009397,1758739056578,buy,2.282500,200.000000
4009398,1758739056579,buy,2.282600,384.200000
4009399,1758739056623,sell,2.282200,4.380000
4009400,1758739057007,sell,2.282200,2.190000
4009401,1758739057071,buy,2.282300,64.090000
4009402,1758739057148,sell,2.282200,4.380000
4009403,1758739057180,buy,2.282300,1674.410000
4009404,1758739057392,sell,2.282200,33.050000
4009405,1758739057392,sell,2.281900,33.860000
4009406,1758739057392,sell,2.281800,20.580000
4009407,1758739057581,buy,2.282400,68.940000
4009408,1758739057670,sell,2.282300,4.380000
4009409,1758739057731,buy,2.282700,57.210000
4009410,1758739057959,buy,2.282600,546.410000
4009411,1758739058003,buy,2.282700,44.000000
4009412,1758739058003,buy,2.282800,12.510000
4009413,1758739058003,buy,2.282900,32.730000
4009414,1758739058018,sell,2.282300,6.070000
4009415,1758739058193,sell,2.282500,4.380000
4009416,1758739058450,buy,2.282500,10.610000
4009417,1758739058553,sell,2.282400,44.000000
4009418,1758739058561,sell,2.282300,99.240000
4009419,1758739058586,buy,2.282500,19.670000
4009420,1758739058641,sell,2.282300,90.310000
4009421,1758739058641,sell,2.282000,306.450000
4009422,1758739058749,sell,2.282400,799.190000
4009423,1758739058885,buy,2.282600,44.000000
4009424,1758739058885,buy,2.282900,23.260000
4009425,1758739058886,buy,2.283000,186.240000
4009426,1758739058897,buy,2.283100,453.020000
4009427,1758739059092,sell,2.282700,135.490000
4009428,1758739059092,sell,2.282600,1790.210000
4009429,1758739059092,sell,2.282500,2851.480000
4009430,1758739059092,sell,2.282000,1339.310000
4009431,1758739059092,sell,2.281900,265.730000
4009432,1758739059092,sell,2.281800,860.380000
4009433,1758739059092,sell,2.281700,42.870000
4009434,1758739059207,buy,2.282500,44.000000
4009435,1758739059239,sell,2.282400,4.380000
4009436,1758739059275,buy,2.282900,486.590000
4009437,1758739059357,buy,2.283000,152.380000
4009438,1758739059394,buy,2.283100,263.520000
4009439,1758739059439,buy,2.283200,8.030000
4009440,1758739059439,buy,2.283400,403.100000
4009441,1758739059508,sell,2.282600,6.520000
4009442,1758739059540,buy,2.283400,540.560000
4009443,1758739059609,sell,2.282800,44.000000
4009444,1758739059609,sell,2.282700,56.000000
4009445,1758739059965,sell,2.282800,6035.730000
4009446,1758739060037,buy,2.282900,44.000000
4009447,1758739060037,buy,2.283300,1049.610000
4009448,1758739060162,buy,2.283400,103.540000
4009449,1758739060163,buy,2.283500,43.600000
4009450,1758739060165,buy,2.283700,196.260000
4009451,1758739060165,buy,2.283800,17.710000
4009452,1758739060173,buy,2.283900,46.130000
4009453,1758739060296,sell,2.283400,4.380000
4009454,1758739060398,sell,2.283400,39.620000
4009455,1758739060398,sell,2.283200,130.280000
4009456,1758739060398,sell,2.283100,430.100000
4009457,1758739060415,sell,2.283200,150.000000
4009458,1758739060432,sell,2.283100,340.000000
4009459,1758739060498,buy,2.283400,33.860000
4009460,1758739060498,buy,2.283500,1187.050000
4009461,1758739060555,sell,2.283100,333.330000
4009462,1758739060653,buy,2.283700,183.190000
4009463,1758739060653,buy,2.283800,278.820000
4009464,1758739060679,buy,2.283900,51.290000
4009465,1758739060679,buy,2.284000,83.680000
4009466,1758739060680,buy,2.284100,74.260000
4009467,1758739060680,buy,2.284200,148.870000
4009468,1758739060815,sell,2.283400,4.380000
4009469,1758739060981,buy,2.283700,61.970000
4009470,1758739061045,sell,2.283400,44.000000
4009471,1758739061045,sell,2.283200,242.170000
4009472,1758739061045,sell,2.283100,87.160000
4009473,1758739061339,sell,2.283100,300.000000
4009474,1758739061394,buy,2.283600,59.400000
4009475,1758739061539,sell,2.283200,44.000000
4009476,1758739061539,sell,2.283100,15.690000
4009477,1758739061539,sell,2.283000,245.780000
4009478,1758739061539,sell,2.282800,27.860000
4009479,1758739061783,buy,2.283300,77.460000
4009480,1758739061902,buy,2.283300,49.180000
4009481,1758739061902,buy,2.283400,44.000000
4009482,1758739061902,buy,2.283500,223.540000
4009483,1758739061903,buy,2.283700,392.110000
4009484,1758739062015,buy,2.283700,6.520000
4009485,1758739062336,buy,2.283500,438.280000
4009486,1758739062471,buy,2.283500,34.580000
4009487,1758739062622,sell,2.283400,13873.940000
4009488,1758739062651,sell,2.283000,135.490000
4009489,1758739062651,sell,2.282900,303.500000
4009490,1758739062898,buy,2.283000,610.790000
4009491,1758739063021,sell,2.282900,10.000000
4009492,1758739063021,sell,2.282800,172.140000
4009493,1758739063021,sell,2.282500,117.860000
4009494,1758739063063,buy,2.283200,254.190000
4009495,1758739063475,sell,2.282900,41.490000
4009496,1758739063480,buy,2.283000,41.620000
4009497,1758739063524,sell,2.282900,958.510000
4009498,1758739063524,sell,2.282800,41.490000
4009499,1758739063721,sell,2.282800,2.510000
4009500,1758739063721,sell,2.282600,106.010000
4009501,1758739063721,sell,2.282500,265.810000
4009502,1758739063821,buy,2.282800,313.560000
4009503,1758739063954,buy,2.282800,515.400000
4009504,1758739064054,sell,2.282500,2696.130000
4009505,1758739064054,sell,2.282300,28.950000
4009506,1758739064054,sell,2.282100,202.170000
4009507,1758739064054,sell,2.282000,1231.130000
4009508,1758739064386,sell,2.282100,2169.920000
4009509,1758739064582,buy,2.282500,33.850000
4009510,1758739064608,buy,2.282600,44.000000
4009511,1758739064608,buy,2.282800,215.210000
4009512,1758739064818,buy,2.282400,835.480000
4009513,1758739065003,sell,2.282100,144.710000
4009514,1758739065003,sell,2.282000,165.290000
4009515,1758739065124,buy,2.282200,44.000000
4009516,1758739065124,buy,2.282500,393.790000
4009517,1758739065224,sell,2.282000,6.520000
4009518,1758739065281,buy,2.282400,8503.100000
4009519,1758739065281,buy,2.282700,99.290000
4009520,1758739065281,buy,2.282900,155.710000
4009521,1758739065467,sell,2.282400,44.000000
4009522,1758739065467,sell,2.282300,100.640000
4009523,1758739065467,sell,2.282000,2900.850000
4009524,1758739065467,sell,2.281800,1802.750000
4009525,1758739065467,sell,2.281700,261.710000
4009526,1758739065467,sell,2.281600,7790.880000
4009527,1758739065467,sell,2.281500,75.990000
4009528,1758739065467,sell,2.281400,669.280000
4009529,1758739065467,sell,2.281300,631.330000
4009530,1758739065467,sell,2.281200,135.300000
4009531,1758739065467,sell,2.281100,2364.430000
4009532,1758739065467,sell,2.281000,16.890000
4009533,1758739065467,sell,2.280900,50.310000
4009534,1758739065467,sell,2.280800,836.710000
4009535,1758739065467,sell,2.280700,3618.930000
4009536,1758739065493,buy,2.282000,16.890000
4009537,1758739065493,buy,2.282200,213.540000
4009538,1758739065707,sell,2.281700,300.000000
4009539,1758739065961,buy,2.281800,3515.420000
4009540,1758739066127,buy,2.281780,5556.780000
4009541,1758739066426,sell,2.281700,542.440000
4009542,1758739066441,buy,2.281800,222.000000
4009543,1758739066799,buy,2.281400,856.390000
4009544,1758739066926,sell,2.281300,379.650000
4009545,1758739067708,buy,2.281200,30.150000
4009546,1758739067883,buy,2.281300,552.020000
4009547,1758739067949,buy,2.281100,8.960000
4009548,1758739068314,sell,2.281400,42.870000
4009549,1758739068518,sell,2.281400,795.180000
4009550,1758739068695,sell,2.281400,92.240000
4009551,1758739069186,buy,2.281500,30.960000
4009552,1758739069222,buy,2.281480,19087.220000
4009553,1758739069238,sell,2.281400,170.000000
4009554,1758739069671,sell,2.281000,100.000000
4009555,1758739070214,sell,2.280600,6.520000
4009556,1758739070547,buy,2.280800,89.970000
4009557,1758739070547,buy,2.280900,180.560000
4009558,1758739070777,buy,2.280800,3597.010000
4009559,1758739070990,buy,2.281000,44.000000
4009560,1758739070990,buy,2.281200,105.300000
4009561,1758739071107,buy,2.281200,204.950000
4009562,1758739071247,buy,2.281200,130.870000
4009563,1758739071288,buy,2.281300,4.380000
4009564,1758739071288,buy,2.281400,4.380000
4009565,1758739071288,buy,2.281600,8.760000
4009566,1758739071288,buy,2.281700,4.380000
4009567,1758739071288,buy,2.281800,8.760000
4009568,1758739071289,buy,2.281900,4.380000
4009569,1758739071289,buy,2.282000,749.750000
4009570,1758739071479,buy,2.282000,1402.340000
4009571,1758739072073,buy,2.282000,31.480000
4009572,1758739072180,buy,2.282000,5.080000
4009573,1758739072230,sell,2.281900,591.810000
4009574,1758739072360,buy,2.282000,888.990000
4009575,1758739072611,buy,2.282000,100.000000
4009576,1758739072930,sell,2.281900,77.060000
4009577,1758739073184,buy,2.282000,6.520000
4009578,1758739073488,sell,2.281990,12212.280000
4009579,1758739073758,sell,2.281900,9.280000
4009580,1758739073890,sell,2.281900,3071.070000
4009581,1758739073926,sell,2.281800,44.000000
4009582,1758739073926,sell,2.281200,774.270000
4009583,1758739073926,sell,2.281100,96.510000
4009584,1758739073926,sell,2.280700,1261.090000
4009585,1758739073926,sell,2.280600,9.610000
4009586,1758739073926,sell,2.280400,727.190000
4009587,1758739073926,sell,2.280200,1130.770000
4009588,1758739073926,sell,2.280100,1405.440000
4009589,1758739074487,buy,2.281000,67.790000
4009590,1758739074487,buy,2.281100,84.000000
4009591,1758739074487,buy,2.281300,28.950000
4009592,1758739074487,buy,2.281500,65.990000
4009593,1758739074487,buy,2.281600,779.010000
4009594,1758739074672,sell,2.281400,44.000000
4009595,1758739074672,sell,2.280900,556.000000
4009596,1758739074691,sell,2.281000,149.080000
4009597,1758739074691,sell,2.280900,484.250000
4009598,1758739075014,sell,2.280500,344.670000
4009599,1758739075014,sell,2.280200,158.740000
4009600,1758739075014,sell,2.280100,4316.980000
4009601,1758739075183,sell,2.280100,101.040000
4009602,1758739075183,sell,2.280000,232.290000
4009603,1758739075481,buy,2.280200,44.000000
4009604,1758739075481,buy,2.280400,152.240000
4009605,1758739075586,buy,2.280400,155.650000
4009606,1758739075586,buy,2.280500,476.820000
4009607,1758739075610,buy,2.280100,10.000000
4009608,1758739075682,sell,2.280000,335.530000
4009609,1758739075968,sell,2.280000,243.800000
4009610,1758739076246,sell,2.280000,11562.130000
4009611,1758739076321,sell,2.279900,6791.580000
4009612,1758739076334,sell,2.280000,3999.080000
4009613,1758739076334,sell,2.279900,474.190000
4009614,1758739076334,sell,2.279800,37.800000
4009615,1758739076334,sell,2.279700,472.520000
4009616,1758739076334,sell,2.279600,353.850000
4009617,1758739076341,sell,2.279500,33.340000
4009618,1758739076341,sell,2.279400,110.850000
4009619,1758739076341,sell,2.279300,100.170000
4009620,1758739076341,sell,2.279100,169.840000
4009621,1758739076341,sell,2.279000,59.610000
4009622,1758739076341,sell,2.278900,946.530000
4009623,1758739076341,sell,2.278800,2817.750000
4009624,1758739076341,sell,2.278700,1972.780000
4009625,1758739076347,sell,2.278600,1294.550000
4009626,1758739076347,sell,2.278500,66.070000
4009627,1758739076347,sell,2.278400,1512.250000
4009628,1758739076347,sell,2.278300,8434.700000
4009629,1758739076360,sell,2.278200,1261.090000
4009630,1758739076360,sell,2.278100,200.850000
4009631,1758739076360,sell,2.278000,1368.760000
4009632,1758739076366,sell,2.277900,10.000000
4009633,1758739076366,sell,2.277800,295.310000
4009634,1758739076548,sell,2.278900,658.330000
4009635,1758739076548,sell,2.278700,690.980000
4009636,1758739076548,sell,2.278600,1261.090000
4009637,1758739076548,sell,2.278400,499.880000
4009638,1758739076548,sell,2.278000,880.960000
4009639,1758739076548,sell,2.277900,294.880000
4009640,1758739076633,sell,2.278900,150.000000
4009641,1758739076856,sell,2.278800,264.930000
4009642,1758739076856,sell,2.278700,735.070000
4009643,1758739076948,buy,2.279000,4.380000
4009644,1758739076975,sell,2.278600,186.980000
4009645,1758739077194,sell,2.278500,638.510000
4009646,1758739077194,sell,2.278300,172.210000
4009647,1758739077250,sell,2.278500,306.700000
4009648,1758739077250,sell,2.278200,93.300000
4009649,1758739077286,sell,2.278300,300.000000
4009650,1758739077349,sell,2.278400,200.000000
4009651,1758739077513,buy,2.278800,44.000000
4009652,1758739077513,buy,2.278900,117.440000
4009653,1758739077513,buy,2.279000,397.520000
4009654,1758739077535,sell,2.278400,44.000000
4009655,1758739077535,sell,2.278300,256.000000
4009656,1758739077579,sell,2.278200,1000.000000
4009657,1758739077708,sell,2.278200,108.460000
4009658,1758739077750,buy,2.278800,4.380000
4009659,1758739077921,sell,2.278400,44.000000
4009660,1758739077921,sell,2.278200,59.330000
4009661,1758739077921,sell,2.278100,307.950000
4009662,1758739077921,sell,2.278000,454.590000
4009663,1758739077924,sell,2.278390,10009.470000
4009664,1758739078551,buy,2.278200,4.380000
4009665,1758739078708,buy,2.278200,1056.960000
4009666,1758739078821,sell,2.278100,84.300000
4009667,1758739078835,sell,2.278000,16.890000
4009668,1758739078835,sell,2.277800,61.390000
4009669,1758739078998,buy,2.278100,6.520000
4009670,1758739079354,buy,2.277900,4.380000
4009671,1758739079503,sell,2.277800,21.280000
4009672,1758739080383,sell,2.277800,100.000000
4009673,1758739080406,buy,2.278200,44.000000
4009674,1758739080406,buy,2.278300,87.600000
4009675,1758739080542,sell,2.278100,1044.000000
4009676,1758739080542,sell,2.277900,1044.270000
4009677,1758739080570,buy,2.278200,44.000000
4009678,1758739080570,buy,2.278500,5.240000
4009679,1758739080570,buy,2.278700,115.700000
4009680,1758739080570,buy,2.278900,930.920000
4009681,1758739080784,buy,2.278800,119.910000
4009682,1758739080784,buy,2.279000,26.890000
4009683,1758739080784,buy,2.279100,1329.170000
4009684,1758739080784,buy,2.279200,2810.150000
4009685,1758739080983,sell,2.278600,43.850000
4009686,1758739080987,buy,2.278700,153.500000
4009687,1758739081160,buy,2.278630,3973.430000
4009688,1758739081234,buy,2.278700,110.910000
4009689,1758739081410,sell,2.279000,1130.700000
4009690,1758739081468,buy,2.279100,44.000000
4009691,1758739081468,buy,2.279300,114.650000
4009692,1758739081593,sell,2.279000,6.520000
4009693,1758739081910,buy,2.279000,1189.320000
4009694,1758739082208,sell,2.278900,44.000000
4009695,1758739082208,sell,2.278500,97.210000
4009696,1758739082208,sell,2.278200,2053.310000
4009697,1758739082315,buy,2.278180,13997.360000
4009698,1758739083616,buy,2.278200,2073.300000
4009699,1758739083633,sell,2.278100,28.950000
4009700,1758739083637,sell,2.278000,16.890000
4009701,1758739083652,buy,2.277900,591.810000
4009702,1758739083660,sell,2.277800,17.000000
4009703,1758739084270,sell,2.277800,194.710000
4009704,1758739084391,buy,2.277900,222.000000
4009705,1758739084512,sell,2.277800,3673.270000
4009706,1758739084518,sell,2.277700,196.600000
4009707,1758739084518,sell,2.277600,32.800000
4009708,1758739084520,sell,2.277500,441.870000
4009709,1758739084525,sell,2.277400,24.820000
4009710,1758739084525,sell,2.277300,772.800000
4009711,1758739084525,sell,2.277200,212.840000
4009712,1758739084525,sell,2.277100,208.720000
4009713,1758739084525,sell,2.277000,731.220000
4009714,1758739084526,sell,2.276900,369.580000
4009715,1758739084526,sell,2.276800,358.370000
4009716,1758739084543,buy,2.277200,1041.690000
4009717,1758739084610,buy,2.276900,617.420000
4009718,1758739085013,sell,2.276800,362.530000
4009719,1758739085013,sell,2.276700,172.910000
4009720,1758739085130,sell,2.276700,387.870000
4009721,1758739085157,buy,2.276800,6.520000
4009722,1758739085387,sell,2.276700,2731.670000
4009723,1758739085390,sell,2.276600,3741.210000
4009724,1758739085396,sell,2.276500,743.000000
4009725,1758739085743,sell,2.276500,366.520000
4009726,1758739085983,sell,2.276400,667.220000
4009727,1758739085995,buy,2.276500,8.780000
4009728,1758739086013,sell,2.276400,1090.160000
4009729,1758739086293,sell,2.276300,158.240000
4009730,1758739086293,sell,2.276200,36.420000
4009731,1758739086298,sell,2.276100,102.170000
4009732,1758739086298,sell,2.276000,712.180000
4009733,1758739086303,sell,2.275900,141.190000
4009734,1758739086303,sell,2.275800,251.970000
4009735,1758739086303,sell,2.275700,92.330000
4009736,1758739086346,sell,2.275710,9048.390000
4009737,1758739086391,sell,2.275600,319.790000
4009738,1758739086391,sell,2.275500,505.240000
4009739,1758739086430,sell,2.275400,6.530000
4009740,1758739086430,sell,2.275300,46.630000
4009741,1758739086464,sell,2.275200,75.260000
4009742,1758739086464,sell,2.275100,237.280000
4009743,1758739086601,sell,2.275300,1000.780000
4009744,1758739086789,sell,2.275100,7527.020000
4009745,1758739086960,sell,2.275000,323.600000
4009746,1758739086960,sell,2.274900,9.730000
4009747,1758739087097,sell,2.275000,10.530000
4009748,1758739087245,sell,2.275000,71.030000
4009749,1758739087459,sell,2.275000,333.330000
4009750,1758739087740,buy,2.275500,44.000000
4009751,1758739087740,buy,2.275600,56.000000
4009752,1758739087765,sell,2.275000,6.520000
4009753,1758739087778,buy,2.275300,66.270000
4009754,1758739087778,buy,2.275400,114.320000
4009755,1758739087897,sell,2.275000,37.480000
4009756,1758739087897,sell,2.274900,1546.090000
4009757,1758739087955,sell,2.274800,2.200000
4009758,1758739087984,buy,2.275400,61.630000
4009759,1758739088585,buy,2.275300,210.130000
4009760,1758739088585,buy,2.275400,39.610000
4009761,1758739088585,buy,2.275500,15.950000
4009762,1758739088608,sell,2.275300,44.000000
4009763,1758739088608,sell,2.274900,37.950000
4009764,1758739088648,buy,2.275400,21.590000
4009765,1758739088882,buy,2.275400,44.000000
4009766,1758739089012,sell,2.275200,1144.580000
4009767,1758739089195,sell,2.275100,1761.300000
4009768,1758739089430,sell,2.274900,82.700000
4009769,1758739089430,sell,2.274800,69.840000
4009770,1758739089430,sell,2.274700,989.150000
4009771,1758739089788,sell,2.274700,100.000000
4009772,1758739090009,sell,2.274700,132.090000
4009773,1758739090036,sell,2.274600,194.560000
4009774,1758739090037,sell,2.274500,89.290000
4009775,1758739090037,sell,2.274400,233.710000
4009776,1758739090058,sell,2.274300,230.100000
4009777,1758739090199,sell,2.274200,83.360000
4009778,1758739090200,sell,2.274100,305.310000
4009779,1758739090214,sell,2.274200,130.120000
4009780,1758739090275,sell,2.274000,595.180000
4009781,1758739090438,sell,2.273900,3.140000
4009782,1758739090438,sell,2.273800,284.310000
4009783,1758739090438,sell,2.273700,30.090000
4009784,1758739090438,sell,2.273600,144.870000
4009785,1758739090440,sell,2.273500,3495.820000
4009786,1758739090745,buy,2.273700,6.520000
4009787,1758739090757,sell,2.273690,4779.870000
4009788,1758739091011,sell,2.273500,3521.050000
4009789,1758739091061,sell,2.273400,40.390000
4009790,1758739091110,sell,2.273300,402.760000
4009791,1758739091111,buy,2.273400,358.890000
4009792,1758739091111,buy,2.273500,4014.360000
4009793,1758739091221,buy,2.273400,108.690000
4009794,1758739091228,sell,2.273300,227.070000
4009795,1758739091228,sell,2.273200,71.740000
4009796,1758739091228,sell,2.273000,67.140000
4009797,1758739091274,buy,2.273300,55.360000
4009798,1758739091310,buy,2.273200,3.000000
4009799,1758739091605,sell,2.273000,3646.530000
4009800,1758739091782,sell,2.272900,2791.780000
4009801,1758739091782,sell,2.272800,34.570000
4009802,1758739091782,sell,2.272700,1952.110000
4009803,1758739091782,sell,2.272600,351.200000
4009804,1758739091782,sell,2.272500,664.970000
4009805,1758739091782,sell,2.272400,885.270000
4009806,1758739091869,sell,2.272900,101.470000
4009807,1758739091869,sell,2.272400,1433.950000
4009808,1758739091869,sell,2.272300,1180.930000
4009809,1758739091869,sell,2.272200,136.530000
4009810,1758739091869,sell,2.272100,927.700000
4009811,1758739091869,sell,2.272000,407.350000
4009812,1758739091942,sell,2.272400,2079.350000
4009813,1758739091963,buy,2.272460,9307.190000
4009814,1758739092101,buy,2.272600,44.000000
4009815,1758739092101,buy,2.272700,61.390000
4009816,1758739092104,buy,2.273000,16.890000
4009817,1758739092104,buy,2.273300,1612.840000
4009818,1758739092184,buy,2.272600,100.000000
4009819,1758739092234,buy,2.272700,96.860000
4009820,1758739092234,buy,2.272900,782.520000
4009821,1758739092742,sell,2.273700,6.520000
4009822,1758739092873,buy,2.273800,28.950000
4009823,1758739092873,buy,2.273900,3.140000
4009824,1758739092873,buy,2.274000,206.300000
4009825,1758739092873,buy,2.274100,74.260000
4009826,1758739092873,buy,2.274200,2.510000
4009827,1758739092873,buy,2.274300,783.060000
4009828,1758739093036,sell,2.274100,44.000000
4009829,1758739093036,sell,2.273800,135.840000
4009830,1758739093036,sell,2.273600,158.360000
4009831,1758739093036,sell,2.273200,697.460000
4009832,1758739093156,sell,2.274200,2591.420000
4009833,1758739093617,buy,2.273800,3.000000
4009834,1758739093904,buy,2.273800,41.000000
4009835,1758739093922,sell,2.273700,10.000000
4009836,1758739094073,buy,2.274000,4.390000
4009837,1758739094073,buy,2.274300,78.910000
4009838,1758739094172,sell,2.273600,44.000000
4009839,1758739094172,sell,2.273300,23.240000
4009840,1758739094751,sell,2.273670,22449.410000
4009841,1758739094784,buy,2.273700,44.000000
4009842,1758739095185,buy,2.273600,54.100000
4009843,1758739095514,sell,2.273500,44.000000
4009844,1758739095514,sell,2.273300,383.670000
4009845,1758739095514,sell,2.273200,6.590000
4009846,1758739095514,sell,2.273100,15.340000
4009847,1758739095589,buy,2.273600,6.520000
4009848,1758739095676,sell,2.273500,373.010000
4009849,1758739095676,sell,2.273300,180.030000
4009850,1758739095825,buy,2.273500,59.100000
4009851,1758739095949,buy,2.273600,37.480000
4009852,1758739095950,buy,2.273900,8.230000
4009853,1758739096095,buy,2.273900,88.630000
4009854,1758739096171,buy,2.274200,21.870000
4009855,1758739096216,buy,2.274300,426.330000
4009856,1758739096216,buy,2.274400,39.040000
4009857,1758739096302,sell,2.274100,125.370000
4009858,1758739096361,buy,2.274400,100.000000
4009859,1758739096435,buy,2.274100,4.390000
4009860,1758739096435,buy,2.274400,55.520000
4009861,1758739096436,buy,2.274600,22.400000
4009862,1758739096519,buy,2.274800,78.000000
4009863,1758739096520,buy,2.274900,126.370000
4009864,1758739096520,buy,2.275000,16.890000
4009865,1758739096520,buy,2.275100,297.720000
4009866,1758739096582,buy,2.274900,146.340000
4009867,1758739096589,sell,2.274400,10.000000
4009868,1758739096589,sell,2.274200,67.980000
4009869,1758739096589,sell,2.274100,2121.750000
4009870,1758739096629,buy,2.274300,223.520000
4009871,1758739096669,sell,2.274100,50.560000
4009872,1758739096909,sell,2.274100,25.580000
4009873,1758739096944,buy,2.274700,5749.650000
4009874,1758739097247,buy,2.274600,100.200000
4009875,1758739097264,sell,2.274500,442.070000
4009876,1758739097331,buy,2.274600,3.000000
4009877,1758739097339,sell,2.274500,71.270000
4009878,1758739097825,sell,2.274300,1779.450000
4009879,1758739097957,sell,2.274300,6.520000
4009880,1758739098008,buy,2.274300,379.650000
4009881,1758739098075,sell,2.274200,4484.550000
4009882,1758739098196,buy,2.274300,439.340000
4009883,1758739098259,buy,2.274200,43.330000
4009884,1758739098403,buy,2.274200,2031.900000
4009885,1758739098776,buy,2.274200,658.180000
4009886,1758739098886,buy,2.274200,2.210000
4009887,1758739099219,sell,2.274100,134.230000
4009888,1758739099337,sell,2.274100,3048.470000
4009889,1758739099381,sell,2.274000,16.890000
4009890,1758739099382,sell,2.273900,96.830000
4009891,1758739099382,sell,2.273800,28.950000
4009892,1758739099382,sell,2.273500,10.000000
4009893,1758739099479,buy,2.274000,177.100000
4009894,1758739099479,buy,2.274100,1322.900000
4009895,1758739100321,buy,2.273800,44.000000
4009896,1758739100334,sell,2.273700,12.160000
4009897,1758739100422,buy,2.273800,6.520000
4009898,1758739100518,buy,2.273900,113.220000
4009899,1758739100696,sell,2.274200,1115.770000
4009900,1758739100696,sell,2.273900,2965.710000
4009901,1758739100947,buy,2.273800,924.410000
4009902,1758739101021,sell,2.273700,64.450000
4009903,1758739101282,buy,2.273800,192.480000
4009904,1758739101627,sell,2.273600,44.000000
4009905,1758739101627,sell,2.273100,1351.200000
4009906,1758739101691,sell,2.273000,77.270000
4009907,1758739101691,sell,2.272900,129.790000
4009908,1758739101691,sell,2.272800,185.220000
4009909,1758739101691,sell,2.272700,28.950000
4009910,1758739101691,sell,2.272600,111.040000
4009911,1758739101691,sell,2.272500,1148.560000
4009912,1758739101954,buy,2.272900,68.850000
4009913,1758739102213,buy,2.272800,659.510000
4009914,1758739102397,sell,2.272700,89.870000
4009915,1758739102397,sell,2.272600,1215.640000
4009916,1758739102397,sell,2.272500,169.520000
4009917,1758739102465,buy,2.273200,2005.930000
4009918,1758739102841,buy,2.272600,44.000000
4009919,1758739102911,sell,2.272500,85.140000
4009920,1758739103079,sell,2.272300,6.520000
4009921,1758739103097,buy,2.272400,1098.690000
4009922,1758739103135,buy,2.272360,6146.190000
4009923,1758739103465,buy,2.272400,74.130000
4009924,1758739103665,buy,2.272400,50.000000
4009925,1758739103850,sell,2.272300,51.140000
4009926,1758739104059,buy,2.272800,274.140000
4009927,1758739104283,buy,2.272400,211.290000
4009928,1758739104283,buy,2.272700,3870.190000
4009929,1758739104457,buy,2.272320,15085.790000
4009930,1758739104547,buy,2.272400,100.000000
4009931,1758739104831,sell,2.272300,135.580000
4009932,1758739105117,sell,2.272200,2.210000
4009933,1758739105454,buy,2.272300,6.520000
4009934,1758739105628,buy,2.272300,40.710000
4009935,1758739106040,sell,2.272200,0.930000
4009936,1758739106040,sell,2.272100,131.110000
4009937,1758739107153,buy,2.272200,274.730000
4009938,1758739107739,sell,2.272300,602.950000
4009939,1758739108286,sell,2.272100,6.520000
4009940,1758739108804,buy,2.272400,13.200000
4009941,1758739108804,buy,2.272500,44.000000
4009942,1758739108804,buy,2.272600,441.960000
4009943,1758739108879,sell,2.272100,11.640000
4009944,1758739108969,sell,2.272180,4143.880000
4009945,1758739109327,buy,2.272400,15.510000
4009946,1758739109487,sell,2.272500,474.230000
4009947,1758739109605,buy,2.272600,4.400000
4009948,1758739109606,buy,2.272800,546.290000
4009949,1758739109696,buy,2.272600,38.490000
4009950,1758739109951,buy,2.272600,2860.300000
4009951,1758739110239,buy,2.272600,50.000000
4009952,1758739110510,sell,2.272500,18248.850000
4009953,1758739110963,sell,2.272600,2151.000000
4009954,1758739111213,buy,2.272600,6.520000
4009955,1758739111384,sell,2.272500,95.940000
4009956,1758739111661,buy,2.272600,20.000000
4009957,1758739112366,buy,2.272600,2199.730000
4009958,1758739112378,sell,2.272500,104.060000
4009959,1758739112378,sell,2.272400,44.000000
4009960,1758739112378,sell,2.272200,448.500000
4009961,1758739112699,buy,2.272700,252.930000
4009962,1758739112945,buy,2.272300,8515.760000
4009963,1758739113046,buy,2.272600,246.860000
4009964,1758739113286,buy,2.272400,44.010000
4009965,1758739113627,buy,2.272200,896.760000
4009966,1758739113653,sell,2.272100,6.520000
4009967,1758739114228,sell,2.272100,176.090000
4009968,1758739114228,sell,2.272000,74.270000
4009969,1758739114294,buy,2.272160,3019.870000
4009970,1758739115131,buy,2.272200,83.250000
4009971,1758739115426,buy,2.272200,30.000000
4009972,1758739115502,sell,2.272100,19.710000
4009973,1758739115602,buy,2.272050,21008.640000
4009974,1758739115976,buy,2.272100,14.370000
4009975,1758739116194,buy,2.272100,6.520000
4009976,1758739116390,sell,2.272000,408.090000
4009977,1758739116635,sell,2.272000,12887.570000
4009978,1758739116737,sell,2.272000,1144.560000
4009979,1758739116901,sell,2.272000,3048.400000
4009980,1758739116913,sell,2.271900,81.100000
4009981,1758739116913,sell,2.271800,72.820000
4009982,1758739116913,sell,2.271700,98.060000
4009983,1758739116913,sell,2.271600,784.730000
4009984,1758739116939,sell,2.271500,132.100000
4009985,1758739116939,sell,2.271400,291.540000
4009986,1758739116943,sell,2.271300,2082.120000
4009987,1758739117018,sell,2.271200,14.720000
4009988,1758739117018,sell,2.271100,670.140000
4009989,1758739117018,sell,2.271000,559.190000
4009990,1758739117018,sell,2.270900,974.780000
4009991,1758739117018,sell,2.270800,2357.980000
4009992,1758739118120,sell,2.270700,53.060000
4009993,1758739118120,sell,2.270600,343.300000
4009994,1758739118120,sell,2.270500,603.640000
4009995,1758739118216,sell,2.270400,6.520000
4009996,1758739118567,buy,2.270500,567.710000
4009997,1758739118605,sell,2.270400,436.900000
4009998,1758739118605,sell,2.270300,666.190000
4009999,1758739118605,sell,2.270200,352.800000
4010000,1758739118605,sell,2.270100,103.290000
4010001,1758739118605,sell,2.270000,8440.820000
4010002,1758739118886,sell,2.270000,16.960000
4010003,1758739118894,buy,2.270100,927.000000
4010004,1758739119013,sell,2.270000,1000.000000
4010005,1758739119209,sell,2.270000,3000.000000
4010006,1758739119607,buy,2.270400,67.990000
4010007,1758739119608,buy,2.270500,1667.890000
4010008,1758739119633,sell,2.270400,6.520000
4010009,1758739119633,sell,2.270200,993.480000
4010010,1758739119717,buy,2.270600,11.000000
4010011,1758739119961,sell,2.270100,88.000000
4010012,1758739120105,buy,2.270200,100.000000
4010013,1758739120417,buy,2.270100,4177.950000
4010014,1758739120509,sell,2.270080,24629.340000
4010015,1758739120694,sell,2.270000,1056.240000
4010016,1758739120719,buy,2.270100,25.110000
4010017,1758739120728,sell,2.270000,617.420000
4010018,1758739120867,buy,2.270100,6.520000
4010019,1758739121228,sell,2.270000,88.110000
4010020,1758739121356,buy,2.270100,449.600000
4010021,1758739121512,buy,2.270100,9.520000
4010022,1758739121627,sell,2.270000,451.580000
4010023,1758739121775,sell,2.270000,2.210000
4010024,1758739121935,sell,2.270000,1579.990000
4010025,1758739121977,buy,2.270100,64.450000
4010026,1758739122040,sell,2.270000,102.870000
4010027,1758739122158,buy,2.270100,4433.270000
4010028,1758739122315,sell,2.270000,1285.770000
4010029,1758739122466,sell,2.270000,722.770000
4010030,1758739122609,sell,2.270200,6338.170000
4010031,1758739122802,buy,2.270200,3948.240000
4010032,1758739122803,buy,2.270300,452.970000
4010033,1758739122992,buy,2.270300,130.120000
4010034,1758739123053,buy,2.270500,264.070000
4010035,1758739123211,buy,2.270600,21.280000
4010036,1758739123349,sell,2.270500,372.340000
4010037,1758739123557,buy,2.270600,16.120000
4010038,1758739123560,buy,2.270700,8.800000
4010039,1758739123590,sell,2.270600,76.510000
4010040,1758739123635,sell,2.270700,3000.000000
4010041,1758739123766,sell,2.270700,444.840000
4010042,1758739123840,buy,2.270800,4.400000
4010043,1758739123840,buy,2.271000,4.400000
4010044,1758739123843,buy,2.271100,34.010000
4010045,1758739124086,buy,2.271500,100.000000
4010046,1758739124091,sell,2.271400,465.650000
4010047,1758739124262,buy,2.271500,86.240000
4010048,1758739124262,buy,2.271600,84.940000
4010049,1758739124262,buy,2.271800,2935.040000
4010050,1758739124266,buy,2.271600,3931.590000
4010051,1758739124267,buy,2.271800,582.990000
4010052,1758739124324,sell,2.271700,244.800000
4010053,1758739124324,sell,2.271400,155.200000
4010054,1758739124620,sell,2.271900,1196.610000
4010055,1758739124622,buy,2.272000,16.890000
4010056,1758739124622,buy,2.272100,1512.200000
4010057,1758739124987,buy,2.272100,265.690000
4010058,1758739125021,sell,2.272000,173.240000
4010059,1758739125102,sell,2.271800,44.000000
4010060,1758739125102,sell,2.271500,68.020000
4010061,1758739125102,sell,2.271400,2870.300000
4010062,1758739125244,buy,2.272100,431.960000
4010063,1758739125392,buy,2.271570,20251.490000
4010064,1758739125753,sell,2.271400,90.880000
4010065,1758739125753,sell,2.271000,16.890000
4010066,1758739125753,sell,2.270800,10.000000
4010067,1758739125753,sell,2.270600,28.950000
4010068,1758739125753,sell,2.270500,112.500000
4010069,1758739125789,buy,2.270700,211.290000
4010070,1758739125789,buy,2.271400,513.930000
4010071,1758739126417,buy,2.270500,2006.520000
4010072,1758739126791,sell,2.270400,3000.000000
4010073,1758739126979,sell,2.270400,1034.420000
4010074,1758739126979,sell,2.270300,185.960000
4010075,1758739126979,sell,2.270200,55.990000
4010076,1758739126979,sell,2.270100,74.260000
4010077,1758739126979,sell,2.270000,1363.660000
4010078,1758739127935,sell,2.270000,3.510000
4010079,1758739128367,sell,2.270300,1841.270000
4010080,1758739128725,sell,2.270300,3000.000000
4010081,1758739128845,buy,2.270400,44.000000
4010082,1758739128919,sell,2.270320,12098.020000
4010083,1758739129444,buy,2.270900,113.660000
4010084,1758739129444,buy,2.271000,162.400000
4010085,1758739129451,sell,2.270800,148.260000
4010086,1758739129475,buy,2.271000,295.560000
4010087,1758739129709,buy,2.271000,399.040000
4010088,1758739129718,buy,2.271400,372.480000
4010089,1758739129724,buy,2.271600,84.940000
4010090,1758739129840,sell,2.271700,7659.030000
4010091,1758739129914,buy,2.271300,1065.990000
4010092,1758739130129,sell,2.271200,3300.000000
4010093,1758739130427,sell,2.270700,6.520000
4010094,1758739130927,buy,2.270900,44.000000
4010095,1758739130927,buy,2.271200,261.420000
4010096,1758739131417,sell,2.271200,5018.500000
4010097,1758739131590,buy,2.271300,108.300000
4010098,1758739131590,buy,2.271400,186.240000
4010099,1758739131590,buy,2.271800,3929.780000
4010100,1758739131912,sell,2.271700,50.000000
4010101,1758739132119,buy,2.271800,319.800000
4010102,1758739132336,sell,2.271700,68.080000
4010103,1758739132336,sell,2.271600,44.000000
4010104,1758739132336,sell,2.271500,187.920000
4010105,1758739132972,buy,2.270900,4425.470000
4010106,1758739133233,buy,2.270890,13190.090000
4010107,1758739133275,sell,2.270800,91.700000
4010108,1758739133349,buy,2.270700,6.520000
4010109,1758739133518,sell,2.270600,28.950000
4010110,1758739133695,sell,2.270500,5.370000
4010111,1758739133837,buy,2.270600,50.000000
4010112,1758739133959,buy,2.270900,2.210000
4010113,1758739134057,sell,2.270900,1111.760000
4010114,1758739134192,sell,2.270200,847.900000
4010115,1758739134712,sell,2.270500,3.100000
4010116,1758739134974,buy,2.270600,44.000000
4010117,1758739134995,buy,2.270900,102.070000
4010118,1758739135082,buy,2.271100,8.800000
4010119,1758739135102,buy,2.271200,4.400000
4010120,1758739135120,buy,2.271300,194.670000
4010121,1758739135162,buy,2.271400,4.400000
4010122,1758739135162,buy,2.271500,4.400000
4010123,1758739135277,buy,2.271600,8.810000
4010124,1758739135515,sell,2.271500,4.400000
4010125,1758739135692,buy,2.271600,10.450000
4010126,1758739136037,sell,2.271500,10.920000
4010127,1758739136258,sell,2.271500,3000.000000
4010128,1758739136290,buy,2.271600,70.080000
4010129,1758739136290,buy,2.271800,211.440000
4010130,1758739136290,buy,2.272000,60.810000
4010131,1758739136545,buy,2.272000,214.380000
4010132,1758739136783,buy,2.272000,2244.710000
4010133,1758739136998,sell,2.272000,1806.230000
4010134,1758739137243,buy,2.272100,647.150000
4010135,1758739137458,buy,2.272100,6.340000
4010136,1758739137478,sell,2.272010,14757.220000
4010137,1758739137498,buy,2.272100,725.500000
4010138,1758739137640,buy,2.272100,1338.260000
4010139,1758739137770,buy,2.272100,622.930000
4010140,1758739137929,buy,2.272100,1605.410000
4010141,1758739138080,buy,2.272100,286.750000
4010142,1758739138195,buy,2.272100,84.380000
4010143,1758739138299,buy,2.272100,1177.590000
4010144,1758739138435,buy,2.272100,1050.390000
4010145,1758739138652,buy,2.272100,6.520000
4010146,1758739138936,sell,2.272000,974.940000
4010147,1758739138951,buy,2.272100,630.880000
4010148,1758739139056,buy,2.272100,385.330000
4010149,1758739139787,sell,2.272000,5.210000
4010150,1758739140440,buy,2.272010,4134.300000
4010151,1758739140559,buy,2.272100,1042.110000
4010152,1758739140598,sell,2.272000,6.520000
4010153,1758739140618,buy,2.272100,382.890000
4010154,1758739140937,sell,2.272000,5.400000
4010155,1758739140953,sell,2.271900,44.000000
4010156,1758739141055,sell,2.271000,18.260000
4010157,1758739141412,buy,2.271100,77.420000
4010158,1758739141412,buy,2.271200,10.290000
4010159,1758739141783,buy,2.271200,33.710000
4010160,1758739141783,buy,2.271500,211.290000
4010161,1758739141783,buy,2.271800,602.080000
4010162,1758739141783,buy,2.272000,16.890000
4010163,1758739141783,buy,2.272100,73.840000
4010164,1758739141829,sell,2.271900,44.000000
4010165,1758739141869,buy,2.271510,17080.320000
4010166,1758739141977,buy,2.271800,96.970000
4010167,1758739141977,buy,2.271900,915.540000
4010168,1758739141977,buy,2.272000,13.090000
4010169,1758739141977,buy,2.272100,1088.450000
4010170,1758739142201,sell,2.271500,202.570000
4010171,1758739142353,sell,2.271500,494.280000
4010172,1758739142615,buy,2.271600,72.540000
4010173,1758739142715,buy,2.271900,584.460000
4010174,1758739143215,buy,2.272100,136.160000
4010175,1758739143364,buy,2.272100,165.680000
4010176,1758739143500,sell,2.272000,649.640000
4010177,1758739143539,buy,2.272100,626.810000
4010178,1758739143648,buy,2.272100,1031.620000
4010179,1758739143779,buy,2.272100,438.810000
4010180,1758739143785,buy,2.272200,1056.490000
4010181,1758739144058,buy,2.272200,770.100000
4010182,1758739144121,sell,2.272100,12.540000
4010183,1758739144150,buy,2.272200,258.000000
4010184,1758739144269,buy,2.272200,2074.310000
4010185,1758739144438,buy,2.272200,54.360000
4010186,1758739144592,buy,2.272200,190.900000
4010187,1758739144592,buy,2.272300,140.440000
4010188,1758739144719,buy,2.272400,103.370000
4010189,1758739144934,buy,2.272400,47.680000
4010190,1758739145143,sell,2.272500,310.770000
4010191,1758739145366,sell,2.272500,300.000000
4010192,1758739145409,buy,2.272600,1470.070000
4010193,1758739145409,buy,2.272700,28.950000
4010194,1758739145409,buy,2.272900,212.740000
4010195,1758739145409,buy,2.273000,3298.110000
4010196,1758739145497,buy,2.272700,1146.370000
4010197,1758739145728,sell,2.272900,2200.130000
4010198,1758739145791,buy,2.273000,50.000000
4010199,1758739145824,sell,2.272900,78.650000
4010200,1758739145894,sell,2.272400,44.000000
4010201,1758739145894,sell,2.272200,256.000000
4010202,1758739146332,sell,2.272100,203.010000
4010203,1758739146332,sell,2.272000,16.890000
4010204,1758739146496,buy,2.271900,18.260000
4010205,1758739146647,buy,2.271700,100.000000
4010206,1758739146685,sell,2.271700,10283.390000
4010207,1758739146687,buy,2.271800,1084.580000
4010208,1758739146764,buy,2.271700,1286.400000
4010209,1758739146850,sell,2.271600,2126.750000
4010210,1758739146883,sell,2.271500,129.790000
4010211,1758739146884,sell,2.271200,977.020000
4010212,1758739146999,buy,2.271800,97.520000
4010213,1758739146999,buy,2.271900,958.720000
4010214,1758739147033,sell,2.271700,431.960000
4010215,1758739147153,sell,2.271800,4.410000
4010216,1758739147495,sell,2.271400,3.000000
4010217,1758739147675,sell,2.271400,41.000000
4010218,1758739147701,sell,2.271200,29.630000
4010219,1758739147975,buy,2.271600,44.000000
4010220,1758739147975,buy,2.272300,125.540000
4010221,1758739148112,buy,2.272300,34.510000
4010222,1758739148197,sell,2.272200,3004.410000
4010223,1758739148854,buy,2.272300,247.950000
4010224,1758739149250,buy,2.272400,4.400000
4010225,1758739149250,buy,2.272600,4.400000
4010226,1758739149250,buy,2.272700,67.230000
4010227,1758739149265,sell,2.272280,4724.830000
4010228,1758739149320,buy,2.272300,1792.550000
4010229,1758739149522,buy,2.272400,4.400000
4010230,1758739149656,sell,2.272700,18.250000
4010231,1758739149684,buy,2.272800,4.390000
4010232,1758739149684,buy,2.272900,61.910000
4010233,1758739149694,sell,2.272700,6.520000
4010234,1758739149755,sell,2.272800,35.320000
4010235,1758739149958,buy,2.272900,129.790000
4010236,1758739149997,buy,2.273000,72.680000
4010237,1758739150002,sell,2.272900,300.000000
4010238,1758739150078,buy,2.273000,71.320000
4010239,1758739150388,buy,2.273000,86.250000
4010240,1758739150505,buy,2.273000,406.850000
4010241,1758739150610,buy,2.272920,5882.580000
4010242,1758739150763,buy,2.273000,2419.620000
4010243,1758739150957,buy,2.273000,9870.100000
4010244,1758739151079,buy,2.273200,76.050000
4010245,1758739151083,buy,2.273300,10.000000
4010246,1758739151083,buy,2.273400,216.860000
4010247,1758739151119,buy,2.273600,204.390000
4010248,1758739151175,buy,2.273800,399.860000
4010249,1758739151267,sell,2.273700,132.040000
4010250,1758739151269,buy,2.273800,74.250000
4010251,1758739151331,buy,2.273900,3.140000
4010252,1758739151331,buy,2.274000,55.970000
4010253,1758739151331,buy,2.274100,120.380000
4010254,1758739151342,buy,2.274200,49.680000
4010255,1758739151342,buy,2.274300,149.830000
4010256,1758739151368,buy,2.274400,614.220000
4010257,1758739151369,buy,2.274600,13.620000
4010258,1758739151369,buy,2.274700,457.290000
4010259,1758739152016,sell,2.274600,634.500000
4010260,1758739152282,sell,2.274600,10383.300000
4010261,1758739152590,buy,2.274700,125.250000
4010262,1758739152614,buy,2.274800,17.710000
4010263,1758739152614,buy,2.274900,864.340000
4010264,1758739152703,buy,2.275000,16.890000
4010265,1758739152703,buy,2.275100,384.700000
4010266,1758739152710,buy,2.275200,46.560000
4010267,1758739152710,buy,2.275300,33.510000
4010268,1758739152710,buy,2.275400,6.530000
4010269,1758739152710,buy,2.275500,104.960000
4010270,1758739152760,sell,2.275400,439.520000
4010271,1758739152861,buy,2.275500,10.770000
4010272,1758739152892,sell,2.275400,2641.800000
4010273,1758739152905,sell,2.275300,44.000000
4010274,1758739152905,sell,2.274900,1672.480000
4010275,1758739152935,buy,2.275400,394.170000
4010276,1758739153013,sell,2.274800,54.000000
4010277,1758739153090,sell,2.274700,12.000000
4010278,1758739153135,sell,2.275100,50.350000
4010279,1758739153147,buy,2.275200,44.000000
4010280,1758739153147,buy,2.275400,978.540000
4010281,1758739153153,sell,2.275100,43.850000
4010282,1758739153173,sell,2.274900,12.000000
4010283,1758739153179,sell,2.275500,18.000000
4010284,1758739153329,buy,2.275600,288.570000
4010285,1758739153420,buy,2.275700,187.810000
4010286,1758739153420,buy,2.275800,185.780000
4010287,1758739153420,buy,2.275900,97.180000
4010288,1758739153420,buy,2.276000,30.110000
4010289,1758739153420,buy,2.276100,96.320000
4010290,1758739153420,buy,2.276200,875.230000
4010291,1758739153422,buy,2.275800,18.250000
4010292,1758739153612,buy,2.275800,2068.910000
4010293,1758739153612,buy,2.276000,1404.940000
4010294,1758739153715,sell,2.275800,571.370000
4010295,1758739153722,buy,2.275900,3.000000
4010296,1758739153723,sell,2.275800,2478.020000
4010297,1758739153928,sell,2.275600,148.400000
4010298,1758739153979,sell,2.275000,16.890000
4010299,1758739153979,sell,2.274900,28.950000
4010300,1758739154063,sell,2.274600,200.000000
4010301,1758739154091,sell,2.274400,185.780000
4010302,1758739154091,sell,2.274100,74.260000
4010303,1758739154097,sell,2.274000,20.820000
4010304,1758739154097,sell,2.273900,3.140000
4010305,1758739154097,sell,2.273800,34.320000
4010306,1758739154097,sell,2.273500,10.000000
4010307,1758739154097,sell,2.273200,62.860000
4010308,1758739154112,sell,2.273000,76.740000
4010309,1758739154135,sell,2.272900,108.950000
4010310,1758739154149,buy,2.274000,16.890000
4010311,1758739154149,buy,2.274300,10.000000
4010312,1758739154149,buy,2.274400,142.840000
4010313,1758739154150,sell,2.274500,23.890000
4010314,1758739154174,sell,2.273000,72.880000
4010315,1758739154181,sell,2.274100,16.890000
4010316,1758739154182,sell,2.272900,107.690000
4010317,1758739154186,sell,2.272700,28.950000
4010318,1758739154186,sell,2.272600,1.050000
4010319,1758739154188,sell,2.273000,16.890000
4010320,1758739154193,sell,2.274100,28.950000
4010321,1758739154193,sell,2.272600,93.240000
4010322,1758739154195,sell,2.274100,16.890000
4010323,1758739154201,sell,2.272700,21.000000
4010324,1758739154211,sell,2.273100,95.690000
4010325,1758739154211,sell,2.273000,4.310000
4010326,1758739154225,sell,2.274100,545.610000
4010327,1758739154227,sell,2.273100,199.920000
4010328,1758739154227,sell,2.273000,12.580000
4010329,1758739154227,sell,2.272700,7.950000
4010330,1758739154227,sell,2.272600,16.750000
4010331,1758739154227,sell,2.272500,5.430000
4010332,1758739154227,sell,2.272400,1900.660000
4010333,1758739154227,sell,2.272300,305.260000
4010334,1758739154227,sell,2.272200,708.250000
4010335,1758739154239,sell,2.273100,192.650000
4010336,1758739154246,sell,2.272200,15584.370000
4010337,1758739154332,buy,2.272300,5433.770000
4010338,1758739154356,sell,2.272200,196.100000
4010339,1758739154418,buy,2.272300,74.330000
4010340,1758739154419,sell,2.272200,6457.860000
4010341,1758739154529,sell,2.272200,4398.770000
4010342,1758739154768,sell,2.272200,797.470000
4010343,1758739154884,sell,2.272200,122.770000
4010344,1758739155094,sell,2.272200,12.440000
4010345,1758739155123,buy,2.272300,210.880000
4010346,1758739155123,buy,2.272400,660.400000
4010347,1758739155125,buy,2.272500,184.730000
4010348,1758739155138,sell,2.272200,49.560000
4010349,1758739155146,buy,2.272400,52.370000
4010350,1758739155322,sell,2.272200,183.520000
4010351,1758739155453,buy,2.272300,311.290000
4010352,1758739155618,buy,2.272220,17011.390000
4010353,1758739155626,sell,2.272200,246.610000
4010354,1758739156204,buy,2.272300,3086.150000
4010355,1758739156503,sell,2.272200,660.180000
4010356,1758739156605,sell,2.272200,18.210000
4010357,1758739156725,sell,2.272200,662.390000
4010358,1758739157027,sell,2.272200,825.440000
4010359,1758739157319,sell,2.272200,91.000000
4010360,1758739157519,sell,2.272200,434.630000
4010361,1758739157593,sell,2.272100,282.470000
4010362,1758739157668,buy,2.272200,352.570000
4010363,1758739157846,buy,2.272200,1280.310000
4010364,1758739158137,buy,2.272200,730.000000
4010365,1758739158154,sell,2.272100,12.020000
4010366,1758739158410,buy,2.272200,6.520000
4010367,1758739158783,buy,2.272200,12.120000
4010368,1758739159110,buy,2.272200,88.000000
4010369,1758739159127,sell,2.272170,20491.150000
4010370,1758739159287,buy,2.272200,2794.420000
4010371,1758739159436,buy,2.272200,236.940000
4010372,1758739159845,sell,2.272500,448.940000
4010373,1758739159952,sell,2.272700,604.690000
4010374,1758739160191,sell,2.272800,6782.790000
4010375,1758739160423,sell,2.272800,995.250000
4010376,1758739160423,sell,2.272700,1202.160000
4010377,1758739160538,buy,2.272900,48.480000
4010378,1758739160634,sell,2.272800,6.520000
4010379,1758739160976,buy,2.272900,1000.000000
4010380,1758739161035,sell,2.272800,343.730000
4010381,1758739161035,sell,2.272600,2656.270000
4010382,1758739161130,sell,2.272400,4.400000
4010383,1758739161997,sell,2.272100,2656.530000
4010384,1758739161997,sell,2.272000,1030.820000
4010385,1758739161997,sell,2.271800,7.710000
4010386,1758739161997,sell,2.271700,48.970000
4010387,1758739161997,sell,2.271600,97.010000
4010388,1758739161997,sell,2.271500,1592.730000
4010389,1758739162321,sell,2.271400,133.000000
4010390,1758739162722,buy,2.271900,44.000000
4010391,1758739162722,buy,2.272200,68.010000
4010392,1758739162722,buy,2.272300,3141.050000
4010393,1758739162722,buy,2.272600,4.400000
4010394,1758739162722,buy,2.272700,28.950000
4010395,1758739162722,buy,2.272800,813.590000
4010396,1758739162746,buy,2.272000,358.540000
4010397,1758739162942,buy,2.272100,111.000000
4010398,1758739163081,buy,2.272100,100.200000
4010399,1758739163081,buy,2.272600,444.020000
4010400,1758739163083,sell,2.272500,12.140000
4010401,1758739163714,buy,2.272500,41.010000
4010402,1758739163864,buy,2.272500,6.520000
4010403,1758739164020,buy,2.272460,11203.940000
4010404,1758739164224,sell,2.272400,44.000000
4010405,1758739164224,sell,2.272200,96.910000
4010406,1758739164224,sell,2.271900,34.010000
4010407,1758739164224,sell,2.271800,212.330000
4010408,1758739164224,sell,2.271700,173.870000
4010409,1758739164322,sell,2.272200,133.000000
4010410,1758739164524,buy,2.272300,44.460000
4010411,1758739164794,sell,2.272400,1012.490000
4010412,1758739164797,buy,2.272500,44.000000
4010413,1758739164797,buy,2.272700,0.990000
4010414,1758739164940,buy,2.272600,28.680000
4010415,1758739165041,buy,2.272600,34.020000
4010416,1758739165041,buy,2.272700,111.200000
4010417,1758739165183,buy,2.272900,129.790000
4010418,1758739165208,buy,2.273000,72.880000
4010419,1758739165317,buy,2.273100,4.390000
4010420,1758739165401,sell,2.273100,6.520000
4010421,1758739165443,buy,2.273200,4.390000
4010422,1758739165628,buy,2.273100,34.240000
4010423,1758739165848,buy,2.273100,46.450000
4010424,1758739165907,sell,2.273000,5.400000
4010425,1758739165943,sell,2.272900,1856.990000
4010426,1758739165943,sell,2.272700,3140.080000
4010427,1758739165945,buy,2.273100,43.840000
4010428,1758739166205,buy,2.272900,43.840000
4010429,1758739166324,sell,2.272800,125.000000
4010430,1758739166444,buy,2.272800,8811.980000
4010431,1758739166447,buy,2.273100,44.000000
4010432,1758739166512,buy,2.272700,307.990000
4010433,1758739166581,buy,2.273300,6.590000
4010434,1758739166581,buy,2.273400,18.780000
4010435,1758739166581,buy,2.273600,193.800000
4010436,1758739166581,buy,2.273800,38.710000
4010437,1758739166581,buy,2.273900,3.140000
4010438,1758739166581,buy,2.274000,405.640000
4010439,1758739166701,buy,2.273800,114.920000
4010440,1758739166701,buy,2.274100,120.380000
4010441,1758739166702,buy,2.274200,236.910000
4010442,1758739166855,buy,2.274300,140.440000
4010443,1758739166856,buy,2.274400,200.460000
4010444,1758739166857,buy,2.274600,13.620000
4010445,1758739166864,buy,2.274800,17.710000
4010446,1758739166864,buy,2.274900,102.540000
4010447,1758739166884,sell,2.274010,5474.630000
4010448,1758739166899,buy,2.274900,23.830000
4010449,1758739166899,buy,2.275000,16.890000
4010450,1758739166899,buy,2.275100,611.860000
4010451,1758739167080,buy,2.274800,10.000000
4010452,1758739167197,buy,2.274800,99.170000
4010453,1758739167197,buy,2.275100,4517.650000
4010454,1758739167279,sell,2.274700,1172.320000
4010455,1758739167327,buy,2.275300,34.020000
4010456,1758739167327,buy,2.275500,29.940000
4010457,1758739167327,buy,2.275600,281.290000
4010458,1758739167327,buy,2.275700,46.420000
4010459,1758739167360,buy,2.275000,110.080000
4010460,1758739167463,buy,2.275700,100.000000
4010461,1758739167600,buy,2.275600,103.710000
4010462,1758739167600,buy,2.275700,3402.800000
4010463,1758739167624,buy,2.275800,185.780000
4010464,1758739167626,buy,2.275900,105.370000
4010465,1758739167626,buy,2.276000,30.110000
4010466,1758739167629,buy,2.276100,74.260000
4010467,1758739167629,buy,2.276200,17.070000
4010468,1758739167629,buy,2.276300,145.880000
4010469,1758739167653,buy,2.276400,2170.810000
4010470,1758739167750,buy,2.275800,401.670000
4010471,1758739167772,sell,2.275300,1261.090000
4010472,1758739167772,sell,2.275100,193.060000
4010473,1758739167772,sell,2.275000,897.850000
4010474,1758739167772,sell,2.274900,697.390000
4010475,1758739167772,sell,2.274700,747.470000
4010476,1758739167778,buy,2.275800,307.360000
4010477,1758739167778,buy,2.276600,25.970000
4010478,1758739167795,buy,2.275700,113.440000
4010479,1758739167854,buy,2.275500,424.040000
4010480,1758739167923,buy,2.275900,154.370000
4010481,1758739167954,buy,2.275890,17920.370000
4010482,1758739168027,buy,2.276000,439.360000
4010483,1758739168041,buy,2.276600,110.000000
4010484,1758739168266,buy,2.276600,119.150000
4010485,1758739168270,buy,2.276700,248.570000
4010486,1758739168330,buy,2.276800,266.630000
4010487,1758739168330,buy,2.276900,362.190000
4010488,1758739168330,buy,2.277000,351.260000
4010489,1758739168330,buy,2.277100,120.260000
4010490,1758739168330,buy,2.277200,150.120000
4010491,1758739168330,buy,2.277300,540.640000
4010492,1758739168408,sell,2.276500,103.340000
4010493,1758739168502,buy,2.277200,6.530000
4010494,1758739168502,buy,2.277300,1822.920000
4010495,1758739168631,buy,2.277400,21.590000
4010496,1758739168631,buy,2.277500,282.200000
4010497,1758739168631,buy,2.277600,87.880000
4010498,1758739168648,buy,2.277000,77.440000
4010499,1758739168648,buy,2.277200,78.520000
4010500,1758739168648,buy,2.277300,452.600000
4010501,1758739168649,sell,2.277000,184.480000
4010502,1758739168763,buy,2.277400,2.200000
4010503,1758739168826,sell,2.277300,702.700000
4010504,1758739168871,buy,2.277400,333.330000
4010505,1758739168985,sell,2.277300,708.760000
4010506,1758739169065,buy,2.277400,832.400000
4010507,1758739169094,sell,2.277300,152.910000
4010508,1758739169096,buy,2.277400,391.670000
4010509,1758739169105,sell,2.277300,70.680000
4010510,1758739169219,sell,2.277200,44.000000
4010511,1758739169276,sell,2.276600,12.120000
4010512,1758739169363,buy,2.276700,333.330000
4010513,1758739169492,buy,2.276700,1625.140000
4010514,1758739169737,buy,2.276700,2268.000000
4010515,1758739170039,sell,2.276600,101.830000
4010516,1758739170039,sell,2.276200,148.600000
4010517,1758739170157,buy,2.276500,210.370000
4010518,1758739170157,buy,2.276600,120.990000
4010519,1758739170241,buy,2.276500,249.140000
4010520,1758739170287,sell,2.276400,6.520000
4010521,1758739170451,sell,2.276400,3.480000
4010522,1758739170451,sell,2.276300,122.130000
4010523,1758739170488,buy,2.276100,424.340000
4010524,1758739171022,sell,2.276400,2200.310000
4010525,1758739171074,sell,2.276480,6482.230000
4010526,1758739171325,sell,2.276400,143.000000
4010527,1758739171566,buy,2.276500,5.400000
4010528,1758739171566,buy,2.276600,36.290000
4010529,1758739171568,sell,2.276400,700.000000
4010530,1758739171704,sell,2.276300,27.030000
4010531,1758739171704,sell,2.276100,272.970000
4010532,1758739171764,sell,2.276500,86.250000
4010533,1758739171886,sell,2.276500,700.000000
4010534,1758739171955,sell,2.276000,16.890000
4010535,1758739171955,sell,2.275900,28.950000
4010536,1758739171955,sell,2.275800,254.160000
4010537,1758739172005,buy,2.276100,112.430000
4010538,1758739172201,sell,2.275800,124.940000
4010539,1758739172201,sell,2.275700,3.140000
4010540,1758739172201,sell,2.275200,10.000000
4010541,1758739172201,sell,2.275100,261.920000
4010542,1758739172370,sell,2.275200,300.000000
4010543,1758739172393,buy,2.275300,10.000000
4010544,1758739172428,sell,2.275270,6684.830000
4010545,1758739172544,buy,2.275100,12.120000
4010546,1758739172641,sell,2.275000,1769.920000
4010547,1758739172761,sell,2.274900,300.000000
4010548,1758739172909,sell,2.274800,10.000000
4010549,1758739172909,sell,2.274600,207.250000
4010550,1758739172909,sell,2.274400,139.260000
4010551,1758739172994,buy,2.274500,91.240000
4010552,1758739173009,sell,2.274400,46.520000
4010553,1758739173009,sell,2.274300,140.440000
4010554,1758739173009,sell,2.274200,49.680000
4010555,1758739173009,sell,2.274100,63.360000
4010556,1758739173014,buy,2.274500,268.970000
4010557,1758739173014,buy,2.274600,4089.180000
4010558,1758739173106,sell,2.274100,146.940000
4010559,1758739173106,sell,2.274000,55.970000
4010560,1758739173106,sell,2.273900,3.140000
4010561,1758739173106,sell,2.273800,44.320000
4010562,1758739173106,sell,2.273700,49.630000
4010563,1758739173139,sell,2.274400,1100.640000
4010564,1758739173213,sell,2.273600,300.000000
4010565,1758739173246,sell,2.274600,1022.540000
4010566,1758739173293,buy,2.273700,6.520000
4010567,1758739173334,sell,2.273600,580.960000
4010568,1758739173334,sell,2.273500,10.000000
4010569,1758739173334,sell,2.273400,1756.040000
4010570,1758739173343,sell,2.273500,268.970000
4010571,1758739173344,sell,2.273300,353.920000
4010572,1758739173600,buy,2.273400,193.940000
4010573,1758739173858,sell,2.273300,377.110000
4010574,1758739174001,sell,2.273300,889.360000
4010575,1758739174020,buy,2.273400,184.690000
4010576,1758739174439,buy,2.273800,13.110000
4010577,1758739174477,sell,2.273700,268.120000
4010578,1758739174617,sell,2.273700,17500.210000
4010579,1758739174736,sell,2.273600,6.520000
4010580,1758739175036,sell,2.273700,10.960000
4010581,1758739175161,sell,2.273760,15229.760000
4010582,1758739175244,buy,2.273800,2200.310000
4010583,1758739175326,sell,2.273600,300.000000
4010584,1758739175531,sell,2.273600,300.000000
4010585,1758739175562,buy,2.273700,1055.830000
4010586,1758739175594,sell,2.273600,12.100000
4010587,1758739176427,buy,2.273500,96.820000
4010588,1758739176427,buy,2.273700,1199.590000
4010589,1758739176834,sell,2.273800,300.000000
4010590,1758739177072,buy,2.273900,1143.420000
4010591,1758739177271,buy,2.274500,6.610000
4010592,1758739177440,sell,2.274400,108.100000
4010593,1758739177480,buy,2.274500,178.360000
4010594,1758739177482,buy,2.274600,109.080000
4010595,1758739177586,buy,2.274700,4.390000
4010596,1758739177587,buy,2.274800,2.130000
4010597,1758739177646,sell,2.274700,300.000000
4010598,1758739177683,buy,2.274800,7.870000
4010599,1758739177683,buy,2.274900,28.950000
4010600,1758739177684,buy,2.275000,16.890000
4010601,1758739177684,buy,2.275200,4.390000
4010602,1758739177684,buy,2.275300,209.180000
4010603,1758739178017,buy,2.275300,12.100000
4010604,1758739178031,buy,2.275200,1730.460000
4010605,1758739178031,buy,2.275300,0.930000
4010606,1758739178031,buy,2.275400,4.390000
4010607,1758739178031,buy,2.275500,184.790000
4010608,1758739178076,sell,2.275100,44.000000
4010609,1758739178076,sell,2.274900,90.250000
4010610,1758739178076,sell,2.274400,165.750000
4010611,1758739178129,sell,2.274500,300.000000
4010612,1758739178482,sell,2.274800,172.890000
4010613,1758739178482,sell,2.274700,97.300000
4010614,1758739178482,sell,2.274500,29.810000
4010615,1758739178706,sell,2.275000,1087.680000
4010616,1758739178827,sell,2.275000,2996.990000
4010617,1758739178946,sell,2.275000,300.000000
4010618,1758739179163,buy,2.275100,44.000000
4010619,1758739179163,buy,2.275200,10.170000
4010620,1758739179163,buy,2.275300,1847.290000
4010621,1758739179248,sell,2.275000,1427.050000
4010622,1758739179431,sell,2.275100,300.000000
4010623,1758739179441,buy,2.275200,1379.250000
4010624,1758739179488,sell,2.275100,6.520000
4010625,1758739179511,buy,2.275180,12351.510000
4010626,1758739179717,sell,2.275100,300.000000
4010627,1758739180059,sell,2.275100,3.000000
4010628,1758739180060,buy,2.275200,66.220000
4010629,1758739180106,sell,2.275100,300.000000
4010630,1758739180253,sell,2.275000,44.000000
4010631,1758739180253,sell,2.274800,90.210000
4010632,1758739180253,sell,2.274700,165.790000
4010633,1758739180453,sell,2.274400,300.000000
4010634,1758739180729,sell,2.274500,97.570000
4010635,1758739180729,sell,2.274000,16.890000
4010636,1758739180729,sell,2.273800,38.950000
4010637,1758739180729,sell,2.273700,6.580000
4010638,1758739180729,sell,2.273600,140.010000
4010639,1758739180913,buy,2.274500,307.440000
4010640,1758739180913,buy,2.274600,611.390000
4010641,1758739181060,buy,2.274200,287.480000
4010642,1758739181127,sell,2.274000,12.110000
4010643,1758739181152,buy,2.274100,456.700000
4010644,1758739181601,sell,2.274300,300.000000
4010645,1758739181716,buy,2.274600,68.000000
4010646,1758739181716,buy,2.274700,207.590000
4010647,1758739182030,sell,2.274000,134.260000
4010648,1758739182030,sell,2.273900,165.740000
4010649,1758739182119,buy,2.274200,891.150000
4010650,1758739182272,buy,2.273800,175.920000
4010651,1758739182585,sell,2.273800,11.000000
4010652,1758739182648,sell,2.273900,1856.490000
4010653,1758739182821,buy,2.273890,15693.750000
4010654,1758739182901,sell,2.273800,97.240000
4010655,1758739182901,sell,2.273700,6.600000
4010656,1758739182901,sell,2.273600,196.160000
4010657,1758739183238,sell,2.273600,581.620000
4010658,1758739183657,buy,2.273600,12.110000
4010659,1758739183937,sell,2.273500,10.000000
4010660,1758739183937,sell,2.273300,384.170000
4010661,1758739184567,buy,2.273700,54.180000
4010662,1758739184629,sell,2.273200,67.250000
4010663,1758739184629,sell,2.273100,232.750000
4010664,1758739184805,buy,2.273200,56.200000
4010665,1758739184940,sell,2.273100,11.000000
4010666,1758739185176,sell,2.273100,6.520000
4010667,1758739185481,sell,2.273100,1089.980000
4010668,1758739185592,sell,2.273100,307.990000
4010669,1758739185596,buy,2.273200,6.290000
4010670,1758739185748,sell,2.273100,2197.510000
4010671,1758739185866,buy,2.273100,25.850000
4010672,1758739186036,sell,2.273000,197.750000
4010673,1758739186042,sell,2.272900,134.180000
4010674,1758739186042,sell,2.272800,8.800000
4010675,1758739186045,sell,2.272700,2063.150000
4010676,1758739186080,sell,2.272600,123.550000
4010677,1758739186115,sell,2.272500,253.640000
4010678,1758739186266,sell,2.272500,32.560000
4010679,1758739186387,sell,2.272400,4732.940000
4010680,1758739186396,buy,2.272600,99.370000
4010681,1758739186417,buy,2.272500,100.000000
4010682,1758739186424,sell,2.272400,1155.300000
4010683,1758739186445,buy,2.272500,2.210000
4010684,1758739186469,sell,2.272400,1110.410000
4010685,1758739186521,sell,2.272300,374.640000
4010686,1758739186521,sell,2.272200,532.350000
4010687,1758739186665,sell,2.272200,4300.130000
4010688,1758739186783,sell,2.272200,685.450000
4010689,1758739186896,sell,2.272200,18.160000
4010690,1758739186918,buy,2.272300,1015.860000
4010691,1758739186936,sell,2.272200,162.170000
4010692,1758739187047,sell,2.272200,1015.240000
4010693,1758739187175,sell,2.272200,569.460000
4010694,1758739187239,sell,2.272220,6965.430000
4010695,1758739187317,sell,2.272200,44.020000
4010696,1758739187494,sell,2.272200,58.530000
4010697,1758739187910,sell,2.272300,9.340000
4010698,1758739187910,sell,2.272200,629.280000
4010699,1758739187945,buy,2.272400,132.680000
4010700,1758739188048,buy,2.272400,6.520000
4010701,1758739188105,sell,2.272300,11.000000
4010702,1758739188538,buy,2.272400,5468.110000
4010703,1758739188888,sell,2.272500,100.000000
4010704,1758739188968,buy,2.272600,44.000000
4010705,1758739188968,buy,2.272700,100.000000
4010706,1758739188968,buy,2.273000,102.730000
4010707,1758739188968,buy,2.273100,1390.950000
4010708,1758739188968,buy,2.273300,8.780000
4010709,1758739188968,buy,2.273400,220.700000
4010710,1758739188968,buy,2.273500,4.390000
4010711,1758739188968,buy,2.273600,8.780000
4010712,1758739188968,buy,2.273700,4.390000
4010713,1758739188968,buy,2.273800,37.730000
4010714,1758739188968,buy,2.274000,113.780000
4010715,1758739188968,buy,2.274100,2142.050000
4010716,1758739188968,buy,2.274200,5.400000
4010717,1758739188968,buy,2.274300,140.440000
4010718,1758739188969,buy,2.274400,370.760000
4010719,1758739188969,buy,2.274500,43.960000
4010720,1758739188969,buy,2.274600,126.380000
4010721,1758739188969,buy,2.274700,144.150000
4010722,1758739188993,sell,2.274600,300.000000
4010723,1758739189020,sell,2.274500,131.950000
4010724,1758739189205,buy,2.273700,211.690000
4010725,1758739189257,sell,2.274300,231.040000
4010726,1758739189352,sell,2.274200,887.590000
4010727,1758739189402,sell,2.273600,57.060000
4010728,1758739189402,sell,2.273400,242.940000
4010729,1758739189704,buy,2.273700,44.000000
4010730,1758739189841,sell,2.274500,18.240000
4010731,1758739189892,sell,2.274300,6.520000
4010732,1758739190024,sell,2.274300,37.480000
4010733,1758739190024,sell,2.274000,819.340000
4010734,1758739190117,sell,2.274360,3634.650000
4010735,1758739190306,sell,2.274100,864.730000
4010736,1758739190470,buy,2.274300,34.030000
4010737,1758739190470,buy,2.274400,44.000000
4010738,1758739190470,buy,2.274600,310.720000
4010739,1758739190470,buy,2.274700,13.040000
4010740,1758739190470,buy,2.274800,10.000000
4010741,1758739190470,buy,2.274900,8.550000
4010742,1758739190504,sell,2.274800,33.560000
4010743,1758739190581,buy,2.274900,117.820000
4010744,1758739190978,buy,2.275000,16.890000
4010745,1758739190979,buy,2.275100,315.460000
4010746,1758739191227,buy,2.275100,18.160000
4010747,1758739191386,sell,2.275000,34.050000
4010748,1758739191386,sell,2.274900,2998.070000
4010749,1758739191386,sell,2.274700,643.650000
4010750,1758739191653,buy,2.275100,1038.500000
4010751,1758739191715,sell,2.275000,363.810000
4010752,1758739191775,buy,2.275100,4431.940000
4010753,1758739191775,buy,2.275500,373.550000
4010754,1758739191775,buy,2.275600,269.220000
4010755,1758739191775,buy,2.275700,3.140000
4010756,1758739191775,buy,2.275800,195.780000
4010757,1758739191775,buy,2.275900,97.180000
4010758,1758739191775,buy,2.276000,30.110000
4010759,1758739191775,buy,2.276100,295.780000
4010760,1758739191775,buy,2.276200,898.030000
4010761,1758739191775,buy,2.276300,145.880000
4010762,1758739191775,buy,2.276400,989.140000
4010763,1758739191792,sell,2.275470,6015.260000
4010764,1758739191980,sell,2.276100,100.000000
4010765,1758739192292,sell,2.275800,11.000000
4010766,1758739192324,sell,2.275900,11.000000
4010767,1758739192385,sell,2.275800,2.200000
4010768,1758739192704,sell,2.276200,300.000000
4010769,1758739192826,buy,2.276300,6.520000
4010770,1758739192966,sell,2.276200,307.580000
4010771,1758739193149,sell,2.275900,105.990000
4010772,1758739193149,sell,2.275800,64.840000
4010773,1758739193149,sell,2.275300,977.730000
4010774,1758739193149,sell,2.275000,16.890000
4010775,1758739193149,sell,2.274900,28.950000
4010776,1758739193149,sell,2.274700,576.700000
4010777,1758739193236,sell,2.275000,6.730000
4010778,1758739193236,sell,2.274800,293.270000
4010779,1758739193250,buy,2.274900,3079.900000
4010780,1758739193344,sell,2.274800,300.000000
4010781,1758739193365,sell,2.275400,763.280000
4010782,1758739193428,buy,2.275800,384.630000
4010783,1758739193474,buy,2.275700,189.500000
4010784,1758739193474,buy,2.275800,41.780000
4010785,1758739193476,buy,2.275540,12119.900000
4010786,1758739193784,buy,2.275600,44.000000
4010787,1758739193784,buy,2.275900,28.950000
4010788,1758739193784,buy,2.276000,16.890000
4010789,1758739193784,buy,2.276400,246.670000
4010790,1758739194132,sell,2.275900,34.090000
4010791,1758739194210,buy,2.276100,99.330000
4010792,1758739194494,sell,2.275900,6.520000
4010793,1758739194771,sell,2.275900,3618.630000
4010794,1758739194911,sell,2.275400,93.750000
4010795,1758739195027,sell,2.275000,16.890000
4010796,1758739195027,sell,2.274900,129.640000
4010797,1758739195027,sell,2.274800,10.000000
4010798,1758739195027,sell,2.274400,952.530000
4010799,1758739195169,sell,2.274300,333.910000
4010800,1758739195169,sell,2.274200,2.510000
4010801,1758739195169,sell,2.274100,1466.560000
4010802,1758739195335,buy,2.274100,8.780000
4010803,1758739195515,sell,2.274000,11.000000
4010804,1758739195738,sell,2.274000,25.850000
4010805,1758739195967,buy,2.274100,100.000000
4010806,1758739196148,sell,2.274070,12718.450000
4010807,1758739196370,sell,2.274000,30.280000
4010808,1758739196370,sell,2.273900,3.140000
4010809,1758739196370,sell,2.273800,34.320000
4010810,1758739196370,sell,2.273600,388.960000
4010811,1758739196959,sell,2.273500,10.000000
4010812,1758739196959,sell,2.273400,1.000000
4010813,1758739197014,buy,2.273500,975.300000
4010814,1758739197227,buy,2.273800,44.000000
4010815,1758739197523,sell,2.273500,44.000000
4010816,1758739197523,sell,2.273400,107.440000
4010817,1758739197872,sell,2.273400,11.000000
4010818,1758739198426,sell,2.273500,6.520000
4010819,1758739198481,buy,2.273600,70.080000
4010820,1758739198790,sell,2.273800,11.000000
4010821,1758739199297,buy,2.273900,956.530000
4010822,1758739199694,sell,2.273400,13.360000
4010823,1758739199878,buy,2.273500,50.000000
4010824,1758739199904,sell,2.273400,42.110000
4010825,1758739199904,sell,2.273200,62.860000
4010826,1758739199904,sell,2.273100,70.850000
4010827,1758739200282,sell,2.273000,11.000000
4010828,1758739200399,sell,2.273000,91.750000
4010829,1758739200478,buy,2.273000,3916.760000
4010830,1758739200480,sell,2.273000,113.570000
4010831,1758739200496,sell,2.272900,16.220000
4010832,1758739200634,buy,2.273000,2151.730000
4010833,1758739200719,sell,2.272900,113.570000
4010834,1758739200851,buy,2.273000,6.520000
4010835,1758739200966,sell,2.272900,126.660000
4010836,1758739201300,buy,2.272800,3082.610000
4010837,1758739201300,buy,2.272900,934.880000
4010838,1758739201545,sell,2.272700,730.000000
4010839,1758739201651,sell,2.272700,32.340000
4010840,1758739201855,sell,2.272700,253.150000
4010841,1758739201980,buy,2.272800,1055.510000
4010842,1758739202285,buy,2.272700,8291.060000
4010843,1758739202426,sell,2.272700,6.520000
4010844,1758739202715,buy,2.272800,12.080000
4010845,1758739202789,sell,2.272700,111.000000
4010846,1758739202941,sell,2.272700,995.940000
4010847,1758739202941,sell,2.272600,111.040000
4010848,1758739202945,buy,2.272800,500.000000
4010849,1758739203390,sell,2.272500,5.430000
4010850,1758739203390,sell,2.272400,860.100000
4010851,1758739203391,sell,2.272300,400.310000
4010852,1758739203566,sell,2.272900,3000.000000
4010853,1758739203667,buy,2.272900,44.000000
4010854,1758739203917,buy,2.273700,4.390000
4010855,1758739203995,buy,2.273800,28.950000
4010856,1758739203995,buy,2.273900,4.390000
4010857,1758739203995,buy,2.274000,179.710000
4010858,1758739204000,buy,2.274100,3740.970000
4010859,1758739204130,buy,2.274100,431.960000
4010860,1758739204262,sell,2.274000,11.000000
4010861,1758739204407,buy,2.274100,7.160000
4010862,1758739204542,buy,2.274100,1882.540000
4010863,1758739204617,sell,2.274000,230.900000
4010864,1758739204843,buy,2.274100,150.060000
4010865,1758739204944,sell,2.274000,407.850000
4010866,1758739205086,sell,2.274000,592.750000
4010867,1758739205116,buy,2.274100,50.000000
4010868,1758739205173,sell,2.274000,47.300000
4010869,1758739205227,buy,2.274100,6.520000
4010870,1758739205367,sell,2.274000,20.800000
4010871,1758739205367,sell,2.273900,44.000000
4010872,1758739205367,sell,2.273700,90.300000
4010873,1758739205367,sell,2.273200,144.900000
4010874,1758739205773,buy,2.273400,44.000000
4010875,1758739205773,buy,2.273900,93.810000
4010876,1758739205773,buy,2.274000,38.030000
4010877,1758739206045,buy,2.274000,163.710000
4010878,1758739206046,sell,2.273900,3663.860000
4010879,1758739206167,buy,2.274000,43.980000
4010880,1758739206404,buy,2.273900,2596.200000
4010881,1758739206611,sell,2.274000,3777.160000
4010882,1758739206716,sell,2.274000,20134.540000
4010883,1758739206833,buy,2.274100,37381.300000
4010884,1758739206937,sell,2.274100,11.000000
4010885,1758739207051,buy,2.274200,186.580000
4010886,1758739207082,sell,2.274100,62042.650000
4010887,1758739207176,sell,2.273800,44.000000
4010888,1758739207176,sell,2.273200,203.000000
4010889,1758739207176,sell,2.273000,3543.150000
4010890,1758739207176,sell,2.272900,7512.150000
4010891,1758739207176,sell,2.272800,1261.090000
4010892,1758739207176,sell,2.272700,28.950000
4010893,1758739207176,sell,2.272500,880.960000
4010894,1758739207176,sell,2.272300,1271.090000
4010895,1758739207176,sell,2.272200,9780.180000
4010896,1758739207176,sell,2.272100,215.440000
4010897,1758739207176,sell,2.272000,170.820000
4010898,1758739207176,sell,2.271900,863.100000
4010899,1758739207176,sell,2.271800,7.710000
4010900,1758739207176,sell,2.271700,2195.420000
4010901,1758739207176,sell,2.271600,729.090000
4010902,1758739207176,sell,2.271500,4543.640000
4010903,1758739207176,sell,2.271400,278.040000
4010904,1758739207176,sell,2.271300,469.290000
4010905,1758739207176,sell,2.271200,22.060000
4010906,1758739207176,sell,2.271100,2113.190000
4010907,1758739207176,sell,2.271000,1106.980000
4010908,1758739207176,sell,2.270800,578.660000
4010909,1758739207176,sell,2.270700,4156.120000
4010910,1758739207176,sell,2.270600,367.780000
4010911,1758739207192,sell,2.272600,59.460000
4010912,1758739207216,buy,2.272700,28.950000
4010913,1758739207216,buy,2.272900,305.310000
4010914,1758739207469,buy,2.272800,44.000000
4010915,1758739207965,buy,2.273000,72.880000
4010916,1758739207965,buy,2.273100,65.520000
4010917,1758739208086,sell,2.273000,3000.000000
4010918,1758739208408,buy,2.273200,62.860000
4010919,1758739208408,buy,2.273300,4.390000
4010920,1758739208408,buy,2.273400,17.070000
4010921,1758739208408,buy,2.273500,74.690000
4010922,1758739208408,buy,2.273600,60.970000
4010923,1758739208700,sell,2.273500,2049.890000
4010924,1758739208746,buy,2.273600,450.260000
4010925,1758739208860,sell,2.273500,21.000000
4010926,1758739209089,sell,2.273500,15.380000
4010927,1758739209105,buy,2.273600,6.520000
4010928,1758739209265,sell,2.273500,91.380000
4010929,1758739209580,buy,2.273700,18.140000
4010930,1758739209588,sell,2.273600,211.030000
4010931,1758739209724,sell,2.273600,300.000000
4010932,1758739209784,buy,2.273700,158.760000
4010933,1758739209936,sell,2.273600,300.000000
4010934,1758739210166,sell,2.273700,2151.730000
4010935,1758739210201,buy,2.273800,300.000000
4010936,1758739210259,sell,2.273700,22.000000
4010937,1758739210270,buy,2.273800,0.120000
4010938,1758739210279,sell,2.273700,2.210000
4010939,1758739210411,sell,2.273400,9.610000
4010940,1758739210567,sell,2.273400,16.520000
4010941,1758739210674,buy,2.273700,212.000000
4010942,1758739210674,buy,2.273800,232.940000
4010943,1758739211030,sell,2.273700,300.000000
4010944,1758739211145,buy,2.273700,113.660000
4010945,1758739211263,buy,2.273700,8989.850000
4010946,1758739212064,buy,2.273700,211.980000
4010947,1758739212064,buy,2.273800,4.410000
4010948,1758739212082,sell,2.273700,11.000000
4010949,1758739212259,sell,2.273600,3000.000000
4010950,1758739212328,sell,2.273700,311.000000
4010951,1758739213293,buy,2.273400,6.520000
4010952,1758739213339,sell,2.273200,44.000000
4010953,1758739213340,sell,2.273000,56.000000
4010954,1758739213683,sell,2.273200,11.000000
4010955,1758739213761,buy,2.273300,44.000000
4010956,1758739213761,buy,2.273400,829.000000
4010957,1758739213762,buy,2.273600,21.720000
4010958,1758739213762,buy,2.273700,2888.770000
4010959,1758739214095,buy,2.273300,285.660000
4010960,1758739214228,sell,2.273300,11.000000
4010961,1758739214348,buy,2.273500,25.860000
4010962,1758739214423,buy,2.273180,4310.460000
4010963,1758739214638,buy,2.273500,444.000000
4010964,1758739214653,sell,2.273300,6.520000
4010965,1758739214829,sell,2.273800,3000.000000
4010966,1758739214911,buy,2.273500,212.170000
4010967,1758739214911,buy,2.273900,37.170000
4010968,1758739214911,buy,2.274000,598.560000
4010969,1758739215253,sell,2.273800,300.000000
4010970,1758739215267,buy,2.273900,18.110000
4010971,1758739216009,sell,2.274010,7579.210000
4010972,1758739216534,sell,2.274000,11.000000
4010973,1758739216620,buy,2.274100,500.000000
4010974,1758739216838,buy,2.274100,123.140000
4010975,1758739217045,sell,2.274000,1437.670000
4010976,1758739217372,buy,2.274100,14.840000
4010977,1758739217535,sell,2.273800,50.000000
4010978,1758739217583,sell,2.273700,44.000000
4010979,1758739218045,buy,2.273700,582.630000
4010980,1758739218307,buy,2.273400,150.000000
4010981,1758739218445,buy,2.273700,100.030000
4010982,1758739218445,buy,2.273800,44.000000
4010983,1758739218686,buy,2.274200,49.680000
4010984,1758739218795,buy,2.274300,145.840000
4010985,1758739218795,buy,2.274400,69.680000
4010986,1758739218811,sell,2.274200,1886.030000
4010987,1758739218811,sell,2.274100,4486.760000
4010988,1758739218866,sell,2.274300,11.000000
4010989,1758739218867,buy,2.274400,703.670000
4010990,1758739218938,sell,2.274300,6.520000
4010991,1758739218946,buy,2.274400,419.390000
4010992,1758739219038,buy,2.274320,8852.150000
4010993,1758739219055,buy,2.274400,8630.790000
4010994,1758739219127,buy,2.274500,819.100000
4010995,1758739219185,buy,2.274600,2928.350000
4010996,1758739219199,buy,2.274700,1064.330000
4010997,1758739219255,buy,2.274800,87.600000
4010998,1758739219543,buy,2.274900,2022.060000
4010999,1758739219680,buy,2.275000,4860.010000
4011000,1758739219787,buy,2.275100,682.420000
4011001,1758739219878,buy,2.275200,37.160000
4011002,1758739219978,buy,2.275300,33.510000
4011003,1758739219978,buy,2.275400,6.530000
4011004,1758739219978,buy,2.275500,19.940000
4011005,1758739219978,buy,2.275600,288.570000
4011006,1758739219979,buy,2.275700,3.140000
4011007,1758739219979,buy,2.275800,195.780000
4011008,1758739219979,buy,2.275900,97.180000
4011009,1758739219979,buy,2.276000,30.110000
4011010,1758739219979,buy,2.276100,96.320000
4011011,1758739220058,buy,2.276200,28.060000
4011012,1758739220111,sell,2.276000,11.000000
4011013,1758739220237,buy,2.276300,145.880000
4011014,1758739220237,buy,2.276400,43.600000
4011015,1758739220237,buy,2.276600,255.120000
4011016,1758739220275,buy,2.276700,170.380000
4011017,1758739220287,buy,2.276300,220.000000
4011018,1758739220297,sell,2.276100,184.660000
4011019,1758739220342,buy,2.276700,62.030000
4011020,1758739220564,buy,2.276600,1012.490000
4011021,1758739220572,sell,2.276500,18.110000
4011022,1758739220697,sell,2.276500,388.340000
4011023,1758739220995,buy,2.276600,16.150000
4011024,1758739221016,sell,2.276500,300.000000
4011025,1758739221124,sell,2.276530,6058.390000
4011026,1758739221236,buy,2.276600,393.750000
4011027,1758739221447,sell,2.276500,11.000000
4011028,1758739221630,sell,2.276100,439.380000
4011029,1758739221712,buy,2.276200,2.200000
4011030,1758739221759,buy,2.276100,1130.400000
4011031,1758739221870,sell,2.276000,200.000000
4011032,1758739222062,sell,2.275000,16.890000
4011033,1758739222062,sell,2.274900,283.110000
4011034,1758739222150,buy,2.275000,439.560000
4011035,1758739222192,buy,2.275100,44.000000
4011036,1758739222193,buy,2.275000,439.560000
4011037,1758739222257,buy,2.275900,50.510000
4011038,1758739222324,sell,2.275800,11.000000
4011039,1758739222386,buy,2.275900,12.450000
4011040,1758739222386,buy,2.276000,166.890000
4011041,1758739222415,buy,2.276700,6.160000
4011042,1758739222415,buy,2.276800,58.830000
4011043,1758739222537,sell,2.276700,1000.000000
4011044,1758739222582,buy,2.276800,211.800000
4011045,1758739222650,buy,2.276900,362.190000
4011046,1758739222695,buy,2.277000,339.590000
4011047,1758739222698,buy,2.277100,309.270000
4011048,1758739222716,buy,2.277200,55.990000
4011049,1758739222890,buy,2.277300,1030.040000
4011050,1758739222892,buy,2.277400,21.590000
4011051,1758739222893,buy,2.277500,282.200000
4011052,1758739222895,buy,2.277600,8.780000
4011053,1758739222895,buy,2.277700,879.390000
4011054,1758739222947,buy,2.277800,841.910000
4011055,1758739222986,buy,2.278000,1368.760000
4011056,1758739222986,buy,2.278100,200.850000
4011057,1758739222986,buy,2.278300,321.830000
4011058,1758739222986,buy,2.278400,1712.250000
4011059,1758739222986,buy,2.278500,6.640000
4011060,1758739222987,buy,2.278600,624.690000
4011061,1758739222987,buy,2.278700,1921.460000
4011062,1758739222987,buy,2.278800,101.350000
4011063,1758739222987,buy,2.278900,733.540000
4011064,1758739222987,buy,2.279000,767.660000
4011065,1758739222991,sell,2.277700,100.000000
4011066,1758739223027,buy,2.279000,36.000000
4011067,1758739223068,buy,2.279100,18.000000
4011068,1758739223093,sell,2.278700,184.510000
4011069,1758739223093,buy,2.279100,30.120000
4011070,1758739223193,sell,2.279000,948.810000
4011071,1758739223337,sell,2.279000,1000.000000
4011072,1758739223416,buy,2.279100,38.000000
4011073,1758739223424,buy,2.279300,82.130000
4011074,1758739223424,buy,2.279400,106.470000
4011075,1758739223481,buy,2.279500,34.580000
4011076,1758739223481,buy,2.279600,65.420000
4011077,1758739223646,sell,2.279300,44.000000
4011078,1758739223646,sell,2.279200,656.000000
4011079,1758739223778,buy,2.279300,1147.170000
4011080,1758739223803,buy,2.279600,179.420000
4011081,1758739223910,sell,2.279200,400.000000
4011082,1758739224060,buy,2.279230,8091.390000
4011083,1758739224089,sell,2.279200,711.000000
4011084,1758739224191,sell,2.279200,114.320000
4011085,1758739224296,sell,2.279200,6.520000
4011086,1758739224347,buy,2.279300,5404.660000
4011087,1758739224453,sell,2.279200,400.000000
4011088,1758739224659,sell,2.279200,700.000000
4011089,1758739224675,buy,2.279300,11.640000
4011090,1758739224708,sell,2.279200,300.000000
4011091,1758739224879,sell,2.279200,400.000000
4011092,1758739225047,buy,2.279300,62.760000
4011093,1758739225058,sell,2.279000,711.000000
4011094,1758739225322,sell,2.278800,400.000000
4011095,1758739225358,sell,2.279300,1036.090000
4011096,1758739225431,sell,2.278900,105.000000
4011097,1758739225431,sell,2.278800,195.000000
4011098,1758739225484,buy,2.279100,1412.490000
4011099,1758739225484,buy,2.279200,598.940000
4011100,1758739225531,sell,2.278800,63.240000
4011101,1758739225531,sell,2.278700,445.600000
4011102,1758739225623,buy,2.279200,160.080000
4011103,1758739225685,sell,2.279100,437.440000
4011104,1758739225736,sell,2.278700,400.000000
4011105,1758739225741,buy,2.279200,111.240000
4011106,1758739225751,sell,2.279150,4523.390000
4011107,1758739225828,sell,2.278700,230.980000
4011108,1758739225828,sell,2.278600,69.020000
4011109,1758739225951,sell,2.278600,27.650000
4011110,1758739225951,sell,2.278200,372.350000
4011111,1758739225999,sell,2.278300,311.000000
4011112,1758739226172,sell,2.278300,347.380000
4011113,1758739226172,sell,2.278200,352.620000
4011114,1758739226314,buy,2.278700,44.000000
4011115,1758739226314,buy,2.278800,56.000000
4011116,1758739226344,sell,2.278300,221.530000
4011117,1758739226591,sell,2.278300,300.000000
4011118,1758739226724,sell,2.278300,18.120000
4011119,1758739226848,buy,2.278300,6.520000
4011120,1758739226921,sell,2.278200,44.000000
4011121,1758739226991,sell,2.278100,28.950000
4011122,1758739226991,sell,2.278000,16.890000
4011123,1758739226991,sell,2.277800,13.170000
4011124,1758739226991,sell,2.277600,207.990000
4011125,1758739227189,sell,2.278200,1234.070000
4011126,1758739227316,sell,2.277500,284.420000
4011127,1758739227316,sell,2.277400,3.140000
4011128,1758739227316,sell,2.277300,12.440000
4011129,1758739227420,sell,2.277500,300.000000
4011130,1758739227551,buy,2.277600,75.820000
4011131,1758739227739,buy,2.277600,982.730000
4011132,1758739227798,sell,2.277300,117.350000
4011133,1758739227798,sell,2.277200,65.990000
4011134,1758739227798,sell,2.277100,116.660000
4011135,1758739228037,buy,2.277480,11557.830000
4011136,1758739228069,sell,2.277400,2.200000
4011137,1758739228120,buy,2.277500,33.990000
4011138,1758739228120,buy,2.277600,44.000000
4011139,1758739228166,sell,2.278200,300.000000
4011140,1758739228272,sell,2.278200,6.520000
4011141,1758739228313,sell,2.278400,11.000000
4011142,1758739228521,sell,2.278300,33.990000
4011143,1758739228521,sell,2.278100,44.000000
4011144,1758739228521,sell,2.277900,1197.840000
4011145,1758739228718,buy,2.278000,5293.670000
4011146,1758739228937,sell,2.277900,300.000000
4011147,1758739228955,buy,2.278200,21.480000
4011148,1758739228973,buy,2.278000,963.130000
4011149,1758739228973,buy,2.278200,22.520000
4011150,1758739228973,buy,2.278300,114.310000
4011151,1758739228978,sell,2.277900,285.730000
4011152,1758739229092,sell,2.277900,1569.670000
4011153,1758739229248,sell,2.277500,400.000000
4011154,1758739229270,sell,2.277400,33.990000
4011155,1758739229270,sell,2.277300,66.940000
4011156,1758739229270,sell,2.277200,200.000000
4011157,1758739229357,sell,2.277100,97.420000
4011158,1758739229456,sell,2.277000,6.000000
4011159,1758739229462,sell,2.277100,462.080000
4011160,1758739229597,buy,2.277200,33.990000
4011161,1758739229597,buy,2.277600,39.160000
4011162,1758739229612,sell,2.277100,2338.720000
4011163,1758739229839,buy,2.277600,4.840000
4011164,1758739229839,buy,2.278100,1004.500000
4011165,1758739229952,sell,2.277500,300.000000
4011166,1758739230025,buy,2.277900,382.940000
4011167,1758739230025,buy,2.278200,1139.370000
4011168,1758739230025,buy,2.278300,200.000000
4011169,1758739230025,buy,2.278400,668.380000
4011170,1758739230025,buy,2.278600,190.670000
4011171,1758739230025,buy,2.278700,282.380000
4011172,1758739230025,buy,2.278800,10.000000
4011173,1758739230025,buy,2.278900,170.770000
4011174,1758739230025,buy,2.279000,16.890000
4011175,1758739230025,buy,2.279100,75.960000
4011176,1758739230025,buy,2.279300,1270.060000
4011177,1758739230025,buy,2.279400,97.420000
4011178,1758739230025,buy,2.279500,890.960000
4011179,1758739230025,buy,2.279600,97.550000
4011180,1758739230025,buy,2.279700,67.970000
4011181,1758739230025,buy,2.279800,1685.070000
4011182,1758739230032,sell,2.277800,88.460000
4011183,1758739230145,buy,2.279200,96.570000
4011184,1758739230145,buy,2.279500,39.660000
4011185,1758739230184,sell,2.278200,311.000000
4011186,1758739230414,sell,2.278400,405.800000
4011187,1758739230414,sell,2.278300,2467.140000
4011188,1758739230497,buy,2.278400,262.360000
4011189,1758739230577,sell,2.278300,219.490000
4011190,1758739230646,sell,2.278200,44.000000
4011191,1758739230646,sell,2.278100,28.950000
4011192,1758739230646,sell,2.278000,16.890000
4011193,1758739230646,sell,2.277800,210.160000
4011194,1758739230648,sell,2.278240,9478.390000
4011195,1758739230681,buy,2.278300,43.970000
4011196,1758739230918,sell,2.277600,99.780000
4011197,1758739230995,sell,2.277500,10.000000
4011198,1758739230995,sell,2.277400,196.390000
4011199,1758739230995,sell,2.277300,1.770000
4011200,1758739231014,buy,2.277600,6.520000
4011201,1758739231086,buy,2.277400,16.340000
4011202,1758739231247,sell,2.277300,128.020000
4011203,1758739231247,sell,2.277200,55.990000
4011204,1758739231247,sell,2.277100,97.420000
4011205,1758739231268,sell,2.277000,39.840000
4011206,1758739231268,sell,2.276900,109.030000
4011207,1758739231268,sell,2.276800,2.520000
4011208,1758739231268,sell,2.276700,130.680000
4011209,1758739231396,sell,2.277100,5715.660000
4011210,1758739231765,sell,2.277100,11.000000
4011211,1758739231933,buy,2.277200,44.000000
4011212,1758739232052,buy,2.278000,16.890000
4011213,1758739232052,buy,2.278100,28.950000
4011214,1758739232052,buy,2.278200,100.220000
4011215,1758739232052,buy,2.278500,1659.820000
4011216,1758739232052,buy,2.278700,211.190000
4011217,1758739232052,buy,2.278800,198.780000
4011218,1758739232176,buy,2.278700,135.250000
4011219,1758739232225,buy,2.278800,1470.110000
4011220,1758739232227,sell,2.278700,975.170000
4011221,1758739232377,sell,2.278200,44.000000
4011222,1758739232377,sell,2.278000,266.000000
4011223,1758739232449,sell,2.277700,400.000000
4011224,1758739232567,sell,2.277700,500.000000
4011225,1758739232585,buy,2.278100,211.000000
4011226,1758739232585,buy,2.278400,789.000000
4011227,1758739232661,sell,2.277900,96.670000
4011228,1758739232661,sell,2.277700,309.850000
4011229,1758739232727,sell,2.277500,419.860000
