id,unix_timestamp_ms,side,price,quantity
100298,1758626085854,buy,1.000900,4.000000
100299,1758626826965,buy,1.000800,9991.000000
100300,1758627037758,buy,1.000500,9991.000000
100301,1758627379534,sell,1.000200,8.000000
100302,1758627379534,sell,1.000000,6.000000
100303,1758627379534,sell,0.999900,1.000000
100304,1758627379540,sell,0.999900,9.000000
100305,1758627379540,sell,0.999800,6.000000
100306,1758627379546,sell,0.999800,3.000000
100307,1758627379546,sell,0.999700,12.000000
100308,1758627379552,sell,0.999700,15.000000
100309,1758627379559,sell,0.999700,6.000000
100310,1758627456897,sell,0.999700,23.000000
100311,1758627456897,sell,0.999700,5.000000
100312,1758627465097,sell,0.999700,5.000000
100313,1758627465097,sell,0.999700,6.000000
100314,1758627465097,sell,0.999700,17.000000
100315,1758627471003,sell,0.999700,8.000000
100316,1758628414915,sell,0.999700,23.000000
100317,1758628915158,buy,1.000200,9.000000
100318,1758628915158,buy,1.000400,11.000000
100319,1758629332756,buy,1.000400,13.000000
100320,1758629376894,sell,1.000400,13.000000
100321,1758630231047,buy,1.000500,33.000000
100322,1758630231047,buy,1.000500,19.000000
100323,1758630283351,buy,1.000600,9.000000
100324,1758630471558,buy,1.000500,9.000000
100325,1758630494688,sell,1.000500,52.000000
100326,1758631255147,sell,1.000600,1.000000
100327,1758632204916,sell,1.000700,99930.000000
100328,1758632245467,buy,1.000700,99930.000000
100329,1758632862417,buy,1.000800,29.000000
100330,1758632877202,buy,1.000800,29.000000
100331,1758632962293,sell,1.000600,29.000000
100332,1758633046429,sell,1.000600,29.000000
100333,1758633053938,sell,1.000600,9.000000
100334,1758633061855,buy,1.000800,3.000000
100335,1758633061855,buy,1.000900,5.000000
100336,1758633061855,buy,1.000900,6.000000
100337,1758633061855,buy,1.001000,6.000000
100338,1758633061855,buy,1.001000,9.000000
100339,1758633189936,sell,1.000600,29.000000
100340,1758633251873,buy,1.001000,15.000000
100341,1758633251873,buy,1.001000,14.000000
100342,1758633313048,sell,1.000600,9.000000
100343,1758633313048,sell,1.000400,20.000000
100344,1758633324145,buy,1.000900,9.000000
100345,1758633324145,buy,1.001000,19.000000
100346,1758633324145,buy,1.001200,1.000000
100347,1758633331579,buy,1.001200,29.000000
100348,1758633344293,buy,1.001200,29.000000
100349,1758633351295,buy,1.001200,29.000000
100350,1758633358067,buy,1.001200,9.000000
100351,1758633358067,buy,1.001300,9.000000
100352,1758633358067,buy,1.001600,11.000000
100353,1758633376860,buy,1.001600,22.000000
100354,1758633376860,buy,1.001700,7.000000
100355,1758633378492,buy,1.001700,2.000000
100356,1758633378492,buy,1.001700,24.000000
100357,1758633378492,buy,1.001900,3.000000
100358,1758633386076,buy,1.001900,29.000000
100359,1758633392991,buy,1.001900,29.000000
100360,1758633399461,buy,1.002000,6.000000
100361,1758633399461,buy,1.002100,9.000000
100362,1758633399461,buy,1.002100,6.000000
100363,1758633399461,buy,1.002100,8.000000
100364,1758633405993,buy,1.002100,25.000000
100365,1758633405993,buy,1.002400,4.000000
100366,1758633437481,buy,1.002400,20.000000
100367,1758633437481,buy,1.002500,1.000000
100368,1758633437481,buy,1.002600,8.000000
100369,1758633444611,buy,1.002600,25.000000
100370,1758633444611,buy,1.002800,4.000000
100371,1758633454847,buy,1.002800,5.000000
100372,1758633454847,buy,1.003000,6.000000
100373,1758633454847,buy,1.003000,18.000000
100374,1758633460740,buy,1.003000,29.000000
100375,1758633468807,buy,1.003000,14.000000
100376,1758633468807,buy,1.003100,15.000000
100377,1758633476353,buy,1.003100,9.000000
100378,1758633476353,buy,1.003200,9.000000
100379,1758633476353,buy,1.003200,11.000000
100380,1758633484075,buy,1.003200,22.000000
100381,1758633484075,buy,1.003300,6.000000
100382,1758633484075,buy,1.003600,1.000000
100383,1758633495696,buy,1.003600,8.000000
100384,1758633495696,buy,1.003700,10.000000
100385,1758633495696,buy,1.003700,11.000000
100386,1758633512380,buy,1.003700,13.000000
100387,1758633512380,buy,1.003700,16.000000
100388,1758633529340,buy,1.003700,17.000000
100389,1758633529340,buy,1.004000,9.000000
100390,1758633529340,buy,1.004000,3.000000
100391,1758633588949,buy,1.004000,3.000000
100392,1758633588949,buy,1.004100,19.000000
100393,1758633588949,buy,1.004100,7.000000
100394,1758633946176,buy,1.004100,12.000000
100395,1758633995154,sell,1.003600,9.000000
100396,1758633995154,sell,1.003200,9.000000
100397,1758633995154,sell,1.003200,10.000000
90563,1758634319753,sell,1.003200,13.000000
100398,1758634319753,sell,1.003200,13.000000
90564,1758634838517,sell,1.003200,10.000000
90565,1758634838518,sell,1.003100,14.000000
100399,1758634838517,sell,1.003200,8.000000
100400,1758634838518,sell,1.003200,2.000000
100401,1758634838518,sell,1.003100,6.000000
100402,1758634838518,sell,1.003100,8.000000
90566,1758635000167,buy,1.003600,30.000000
100403,1758635000167,buy,1.003600,9.000000
100404,1758635000167,buy,1.003600,21.000000
100405,1758635013616,buy,1.003600,30.000000
90568,1758635041599,buy,1.003600,15.000000
90569,1758635041812,buy,1.003600,23.000000
90570,1758635056804,buy,1.003600,11.000000
90571,1758635056804,buy,1.003700,4.000000
90572,1758635087056,buy,1.003700,6.000000
90573,1758635104772,sell,1.003200,6.000000
90574,1758635156079,buy,1.003700,10.000000
90575,1758635172047,buy,1.003700,19.000000
90576,1758635179426,buy,1.003700,11.000000
90577,1758635187599,buy,1.003700,11.000000
90578,1758635194895,buy,1.003700,6.000000
90579,1758635194895,buy,1.004000,5.000000
90580,1758635196454,sell,1.003700,6.000000
90581,1758635198925,buy,1.004000,4.000000
90582,1758635198925,buy,1.004300,2.000000
90583,1758635382054,sell,1.003600,6.000000
90584,1758635412825,sell,1.003600,3.000000
90585,1758635412825,sell,1.003200,3.000000
90586,1758635437194,sell,1.003200,6.000000
90587,1758635448724,buy,1.003600,6.000000
90588,1758635475166,buy,1.003600,3.000000
90589,1758635489776,sell,1.003200,6.000000
90590,1758635504483,sell,1.003200,6.000000
90591,1758635519793,sell,1.003200,6.000000
90592,1758635524899,buy,1.003900,99611.000000
90593,1758635552612,sell,1.003200,6.000000
90594,1758635559300,sell,1.003200,6.000000
90595,1758635567730,sell,1.003200,6.000000
90596,1758635573824,sell,1.003300,99611.000000
90597,1758635577483,sell,1.003100,10.000000
90598,1758635585950,sell,1.002800,9.000000
90599,1758635610705,sell,1.002600,33.000000
90600,1758635621809,sell,1.002500,9.000000
100406,1758635041599,buy,1.003600,15.000000
100407,1758635041812,buy,1.003600,23.000000
100408,1758635056804,buy,1.003600,11.000000
100409,1758635056804,buy,1.003700,4.000000
100410,1758635087056,buy,1.003700,6.000000
100411,1758635104772,sell,1.003200,6.000000
100412,1758635156079,buy,1.003700,10.000000
100413,1758635172047,buy,1.003700,13.000000
100414,1758635172047,buy,1.003700,6.000000
100415,1758635179426,buy,1.003700,11.000000
100416,1758635187599,buy,1.003700,11.000000
100417,1758635194895,buy,1.003700,6.000000
100418,1758635194895,buy,1.004000,5.000000
100419,1758635196454,sell,1.003700,6.000000
100420,1758635198925,buy,1.004000,4.000000
100421,1758635198925,buy,1.004300,2.000000
100422,1758635382054,sell,1.003600,6.000000
100423,1758635412825,sell,1.003600,3.000000
100424,1758635412825,sell,1.003200,3.000000
100425,1758635437194,sell,1.003200,6.000000
100426,1758635448724,buy,1.003600,6.000000
100427,1758635475166,buy,1.003600,3.000000
100428,1758635489776,sell,1.003200,6.000000
100429,1758635504483,sell,1.003200,6.000000
100430,1758635519793,sell,1.003200,6.000000
100431,1758635524899,buy,1.003900,99611.000000
100432,1758635552612,sell,1.003200,6.000000
100433,1758635559300,sell,1.003200,3.000000
100434,1758635559300,sell,1.003200,3.000000
100435,1758635567730,sell,1.003200,6.000000
100436,1758635573824,sell,1.003300,99611.000000
100437,1758635577483,sell,1.003100,10.000000
100438,1758635585950,sell,1.002800,9.000000
100439,1758635610705,sell,1.002600,33.000000
100440,1758635621809,sell,1.002500,9.000000
100441,1758635712463,sell,1.002400,24.000000
100442,1758635712463,sell,1.002100,5.000000
100443,1758635725146,sell,1.002100,4.000000
100444,1758635725146,sell,1.002100,25.000000
100445,1758635748686,sell,1.002100,8.000000
100446,1758635748686,sell,1.002100,6.000000
100447,1758635748686,sell,1.001900,15.000000
100448,1758635757668,sell,1.001900,29.000000
100449,1758635766258,buy,1.002400,99760.000000
100450,1758635766273,sell,1.001900,17.000000
100451,1758635766273,sell,1.001700,9.000000
100452,1758635766273,sell,1.001700,3.000000
100453,1758635774544,sell,1.001700,21.000000
100454,1758635774544,sell,1.001600,8.000000
100455,1758635778816,sell,1.001600,25.000000
100456,1758635778816,sell,1.001300,4.000000
90614,1758635782155,buy,1.002100,29.000000
90615,1758635785013,buy,1.002100,13.000000
90616,1758635785013,buy,1.002400,16.000000
90617,1758635791218,buy,1.002400,8.000000
90618,1758635791218,buy,1.002500,9.000000
90619,1758635791218,buy,1.002600,12.000000
90620,1758635793141,buy,1.002600,21.000000
90621,1758635793141,buy,1.002800,8.000000
90622,1758635795442,buy,1.002800,1.000000
90623,1758635795442,buy,1.003000,28.000000
90624,1758635798829,buy,1.003000,29.000000
100457,1758635782155,buy,1.002100,9.000000
100458,1758635782155,buy,1.002100,20.000000
100459,1758635785013,buy,1.002100,13.000000
100460,1758635785013,buy,1.002400,16.000000
100461,1758635791218,buy,1.002400,8.000000
100462,1758635791218,buy,1.002500,9.000000
100463,1758635791218,buy,1.002600,12.000000
100464,1758635793141,buy,1.002600,21.000000
100465,1758635793141,buy,1.002800,8.000000
100466,1758635795442,buy,1.002800,1.000000
100467,1758635795442,buy,1.003000,28.000000
100468,1758635798829,buy,1.003000,29.000000
100469,1758635802476,buy,1.003000,4.000000
100470,1758635802476,buy,1.003100,24.000000
100471,1758635802476,buy,1.003200,1.000000
100472,1758635805029,buy,1.003200,8.000000
100473,1758635805029,buy,1.003200,21.000000
100474,1758635807465,buy,1.003200,12.000000
100475,1758635807465,buy,1.003300,6.000000
100476,1758635807465,buy,1.003600,9.000000
100477,1758635807465,buy,1.003700,2.000000
100478,1758635812969,buy,1.003700,29.000000
100479,1758635816857,buy,1.003700,2.000000
100480,1758635816857,buy,1.003700,24.000000
100481,1758635816857,buy,1.004000,3.000000
90636,1758635896251,sell,1.003200,29.000000
90637,1758635900943,sell,1.003200,13.000000
90638,1758635900943,sell,1.003100,16.000000
90639,1758635906287,sell,1.003100,8.000000
90640,1758635906287,sell,1.002800,9.000000
90641,1758635906287,sell,1.002600,12.000000
90642,1758635910298,sell,1.002600,21.000000
90643,1758635910298,sell,1.002500,8.000000
90644,1758635914510,sell,1.002500,1.000000
90645,1758635914510,sell,1.002400,24.000000
90646,1758635914510,sell,1.002100,4.000000
90647,1758635929980,sell,1.002100,29.000000
90648,1758635939271,buy,1.002500,9.000000
90649,1758635940507,sell,1.002100,24.000000
90650,1758635940507,sell,1.001900,5.000000
90651,1758635946377,sell,1.001900,29.000000
90652,1758635951188,sell,1.001900,27.000000
90653,1758635951188,sell,1.001700,2.000000
90654,1758635952230,buy,1.002500,9.000000
90655,1758635956378,sell,1.002100,9.000000
90656,1758635956378,sell,1.001700,20.000000
90657,1758635961398,sell,1.001700,11.000000
90658,1758635961398,sell,1.001600,18.000000
90659,1758635966820,sell,1.001600,15.000000
90660,1758635966820,sell,1.001300,5.000000
90661,1758635966820,sell,1.001000,9.000000
90662,1758635970915,sell,1.001000,29.000000
90663,1758635976265,sell,1.001000,19.000000
90664,1758635976265,sell,1.000900,10.000000
90665,1758635980984,sell,1.000900,5.000000
90666,1758635980984,sell,1.000800,24.000000
90667,1758635988140,sell,1.000800,29.000000
100482,1758635896251,sell,1.003200,9.000000
100483,1758635896251,sell,1.003200,20.000000
100484,1758635900943,sell,1.003200,13.000000
100485,1758635900943,sell,1.003100,16.000000
100486,1758635906287,sell,1.003100,8.000000
100487,1758635906287,sell,1.002800,9.000000
100488,1758635906287,sell,1.002600,12.000000
100489,1758635910298,sell,1.002600,21.000000
100490,1758635910298,sell,1.002500,8.000000
100491,1758635914510,sell,1.002500,1.000000
100492,1758635914510,sell,1.002400,24.000000
100493,1758635914510,sell,1.002100,4.000000
100494,1758635929980,sell,1.002100,5.000000
100495,1758635929980,sell,1.002100,24.000000
100496,1758635939271,buy,1.002500,9.000000
100497,1758635940507,sell,1.002100,9.000000
100498,1758635940507,sell,1.002100,6.000000
100499,1758635940507,sell,1.002100,9.000000
100500,1758635940507,sell,1.001900,5.000000
100501,1758635946377,sell,1.001900,29.000000
100502,1758635951188,sell,1.001900,27.000000
100503,1758635951188,sell,1.001700,2.000000
100504,1758635952230,buy,1.002500,9.000000
100505,1758635956378,sell,1.002100,9.000000
100506,1758635956378,sell,1.001700,7.000000
100507,1758635956378,sell,1.001700,13.000000
100508,1758635961398,sell,1.001700,11.000000
100509,1758635961398,sell,1.001600,18.000000
100510,1758635966820,sell,1.001600,15.000000
100511,1758635966820,sell,1.001300,5.000000
100512,1758635966820,sell,1.001000,9.000000
100513,1758635970915,sell,1.001000,24.000000
100514,1758635970915,sell,1.001000,5.000000
100515,1758635976265,sell,1.001000,19.000000
100516,1758635976265,sell,1.000900,9.000000
100517,1758635976265,sell,1.000900,1.000000
100518,1758635980984,sell,1.000900,5.000000
100519,1758635980984,sell,1.000800,24.000000
100520,1758635988140,sell,1.000800,29.000000
100521,1758635992624,sell,1.000800,8.000000
100522,1758635992624,sell,1.000600,9.000000
100523,1758635992624,sell,1.000500,12.000000
100524,1758635996886,sell,1.000500,21.000000
100525,1758635996886,sell,1.000400,4.000000
100526,1758635996886,sell,1.000200,4.000000
100527,1758636003838,sell,1.000200,5.000000
100528,1758636003838,sell,1.000200,19.000000
100529,1758636003838,sell,1.000200,5.000000
90675,1758636009163,sell,1.000200,14.000000
90676,1758636009163,sell,1.000100,15.000000
90677,1758636014644,buy,1.000600,9.000000
90678,1758636016108,sell,1.000200,9.000000
90679,1758636016108,sell,1.000100,20.000000
90680,1758636022750,sell,1.000100,29.000000
90681,1758636028597,sell,1.000100,29.000000
90682,1758636035759,sell,1.000100,29.000000
90683,1758636044615,sell,1.000200,99760.000000
90684,1758636050787,sell,1.000100,29.000000
90685,1758636057042,sell,1.000100,29.000000
90686,1758636062137,sell,1.000100,29.000000
90687,1758636066897,sell,1.000100,29.000000
90688,1758636075947,sell,1.000100,29.000000
90689,1758636082819,sell,1.000100,29.000000
90690,1758636089068,sell,1.000100,29.000000
90691,1758636093842,sell,1.000100,29.000000
90692,1758636102736,sell,1.000100,29.000000
90693,1758636110755,sell,1.000100,29.000000
90694,1758636123591,buy,1.000500,99859.000000
90695,1758636124422,sell,1.000500,29.000000
90696,1758636130723,sell,1.000500,29.000000
90697,1758636138752,sell,1.000500,29.000000
90698,1758636143042,sell,1.000500,4.000000
90699,1758636143042,sell,1.000100,25.000000
90700,1758636153821,sell,1.000100,29.000000
90701,1758636175885,sell,1.000200,99859.000000
90702,1758636204749,sell,1.000100,29.000000
90703,1758636210822,sell,1.000100,4.000000
90704,1758636210822,sell,1.000000,25.000000
90705,1758636210822,buy,1.000200,91.000000
90706,1758636210823,buy,1.000600,9.000000
90707,1758636210823,buy,1.000900,9.000000
90708,1758636210823,buy,1.001000,57.000000
90709,1758636210823,buy,1.001300,9.000000
90710,1758636210823,buy,1.001600,33.000000
90711,1758636210823,buy,1.001700,33.000000
90712,1758636210823,buy,1.001900,20.000000
90713,1758636216396,sell,1.001300,9.000000
90714,1758636216396,sell,1.001000,20.000000
90715,1758636222847,sell,1.001000,29.000000
90716,1758636231091,sell,1.001000,8.000000
90717,1758636231091,sell,1.000900,9.000000
90718,1758636231091,sell,1.000600,9.000000
90719,1758636231091,sell,1.000500,3.000000
90720,1758636235285,sell,1.000500,29.000000
90721,1758636242984,sell,1.000500,1.000000
90722,1758636242984,sell,1.000400,24.000000
90723,1758636242984,sell,1.000200,4.000000
90724,1758636247918,sell,1.000200,5.000000
90725,1758636247918,sell,1.000000,8.000000
90726,1758636247918,sell,0.999800,9.000000
90727,1758636247918,sell,0.999700,7.000000
90728,1758636247918,buy,1.000900,9.000000
90729,1758636247918,buy,1.001000,57.000000
90730,1758636247918,buy,1.001300,9.000000
90731,1758636247918,buy,1.001600,33.000000
90732,1758636247918,buy,1.001700,33.000000
90733,1758636247918,buy,1.001900,33.000000
90734,1758636247925,buy,1.000200,9.000000
90735,1758636247926,buy,1.000500,33.000000
90736,1758636247926,buy,1.000600,9.000000
90737,1758636247932,sell,1.001300,9.000000
90738,1758636247935,sell,1.001000,33.000000
90739,1758636254886,sell,1.001000,24.000000
90740,1758636254886,sell,1.000600,5.000000
90741,1758636294075,sell,1.000600,4.000000
90742,1758636294075,sell,1.000500,25.000000
90743,1758636299409,sell,1.000500,8.000000
90744,1758636299409,sell,1.000400,21.000000
90745,1758636303973,sell,1.000400,3.000000
90746,1758636303973,sell,1.000200,9.000000
90747,1758636303973,sell,1.000000,17.000000
90748,1758636303974,buy,1.000900,9.000000
90749,1758636303974,buy,1.001000,33.000000
90750,1758636303974,buy,1.001300,9.000000
90751,1758636303974,buy,1.001600,33.000000
90752,1758636303974,buy,1.001700,32.000000
90753,1758636303983,buy,1.000600,9.000000
90754,1758636303986,buy,1.001000,24.000000
90755,1758636303990,sell,1.001300,9.000000
90756,1758636314798,sell,1.001000,9.000000
90757,1758636314798,sell,1.000900,9.000000
90758,1758636314798,sell,1.000600,9.000000
90759,1758636314798,sell,1.000500,2.000000
90760,1758636321929,sell,1.000500,29.000000
90761,1758636327027,sell,1.000500,2.000000
90762,1758636327027,sell,1.000400,24.000000
90763,1758636327027,sell,1.000200,3.000000
100541,1758636062137,sell,1.000100,29.000000
100542,1758636066897,sell,1.000100,29.000000
100543,1758636075947,sell,1.000100,29.000000
100544,1758636082819,sell,1.000100,29.000000
100545,1758636089068,sell,1.000100,29.000000
100546,1758636093842,sell,1.000100,29.000000
100547,1758636102736,sell,1.000100,29.000000
100548,1758636110755,sell,1.000100,29.000000
100549,1758636123591,buy,1.000500,99859.000000
100550,1758636124422,sell,1.000500,29.000000
100551,1758636130723,sell,1.000500,29.000000
100552,1758636138752,sell,1.000500,29.000000
100553,1758636143042,sell,1.000500,4.000000
100554,1758636143042,sell,1.000100,25.000000
100555,1758636153821,sell,1.000100,29.000000
100556,1758636175885,sell,1.000200,99859.000000
100557,1758636204749,sell,1.000100,29.000000
100558,1758636210822,sell,1.000100,4.000000
100559,1758636210822,sell,1.000000,25.000000
100560,1758636210822,buy,1.000200,29.000000
100561,1758636210823,buy,1.000200,29.000000
100562,1758636210823,buy,1.000200,29.000000
100563,1758636210823,buy,1.000200,4.000000
100564,1758636210823,buy,1.000600,9.000000
100565,1758636210823,buy,1.000900,9.000000
100566,1758636210823,buy,1.001000,7.000000
100567,1758636210823,buy,1.001000,26.000000
100568,1758636210823,buy,1.001000,3.000000
100569,1758636210823,buy,1.001000,21.000000
100570,1758636210823,buy,1.001300,8.000000
100571,1758636210823,buy,1.001300,1.000000
100572,1758636210823,buy,1.001600,28.000000
100573,1758636210823,buy,1.001600,5.000000
100574,1758636210823,buy,1.001700,9.000000
100575,1758636210823,buy,1.001700,15.000000
100576,1758636210823,buy,1.001700,9.000000
100577,1758636210823,buy,1.001900,20.000000
100578,1758636216396,sell,1.001300,9.000000
100579,1758636216396,sell,1.001000,20.000000
100580,1758636222847,sell,1.001000,13.000000
100581,1758636222847,sell,1.001000,16.000000
100582,1758636231091,sell,1.001000,8.000000
100583,1758636231091,sell,1.000900,9.000000
100584,1758636231091,sell,1.000600,9.000000
100585,1758636231091,sell,1.000500,3.000000
100586,1758636235285,sell,1.000500,29.000000
100587,1758636242984,sell,1.000500,1.000000
100588,1758636242984,sell,1.000400,24.000000
100589,1758636242984,sell,1.000200,4.000000
100590,1758636247918,sell,1.000200,5.000000
100591,1758636247918,sell,1.000000,8.000000
100592,1758636247918,sell,0.999800,9.000000
100593,1758636247918,sell,0.999700,7.000000
100594,1758636247918,buy,1.000900,9.000000
100595,1758636247918,buy,1.001000,20.000000
100596,1758636247918,buy,1.001000,13.000000
100597,1758636247918,buy,1.001000,16.000000
100598,1758636247918,buy,1.001000,8.000000
100599,1758636247918,buy,1.001300,9.000000
100600,1758636247918,buy,1.001600,12.000000
100601,1758636247918,buy,1.001600,21.000000
100602,1758636247918,buy,1.001700,8.000000
100603,1758636247918,buy,1.001700,1.000000
100604,1758636247918,buy,1.001700,24.000000
100605,1758636247918,buy,1.001900,4.000000
100606,1758636247918,buy,1.001900,29.000000
100607,1758636247925,buy,1.000200,9.000000
100608,1758636247926,buy,1.000500,33.000000
100609,1758636247926,buy,1.000600,9.000000
100610,1758636247932,sell,1.001300,9.000000
100611,1758636247935,sell,1.001000,33.000000
100612,1758636254886,sell,1.001000,24.000000
100613,1758636254886,sell,1.000600,5.000000
100614,1758636294075,sell,1.000600,4.000000
100615,1758636294075,sell,1.000500,25.000000
100616,1758636299409,sell,1.000500,8.000000
100617,1758636299409,sell,1.000400,21.000000
100618,1758636303973,sell,1.000400,3.000000
100619,1758636303973,sell,1.000200,9.000000
100620,1758636303973,sell,1.000000,17.000000
100621,1758636303974,buy,1.000900,9.000000
100622,1758636303974,buy,1.001000,20.000000
100623,1758636303974,buy,1.001000,13.000000
100624,1758636303974,buy,1.001300,9.000000
100625,1758636303974,buy,1.001600,7.000000
100626,1758636303974,buy,1.001600,26.000000
100627,1758636303974,buy,1.001700,3.000000
100628,1758636303974,buy,1.001700,6.000000
100629,1758636303974,buy,1.001700,23.000000
100630,1758636303983,buy,1.000600,9.000000
100631,1758636303986,buy,1.001000,24.000000
100632,1758636303990,sell,1.001300,9.000000
100633,1758636314798,sell,1.001000,9.000000
100634,1758636314798,sell,1.000900,9.000000
100635,1758636314798,sell,1.000600,9.000000
100636,1758636314798,sell,1.000500,2.000000
100637,1758636321929,sell,1.000500,29.000000
100638,1758636327027,sell,1.000500,2.000000
100639,1758636327027,sell,1.000400,24.000000
100640,1758636327027,sell,1.000200,3.000000
90764,1758636451584,sell,1.000200,6.000000
90765,1758636451584,sell,1.000000,16.000000
90766,1758636451584,buy,1.000000,39.000000
90767,1758636451584,buy,1.000900,9.000000
90768,1758636451584,buy,1.001000,57.000000
90769,1758636451584,buy,1.001300,9.000000
90770,1758636451584,buy,1.001600,2.000000
90771,1758636451591,buy,1.000500,33.000000
90772,1758636451592,buy,1.000600,9.000000
90773,1758636541527,buy,1.000900,9.000000
90774,1758636586739,sell,1.000600,6.000000
90775,1758636601311,buy,1.001200,99880.000000
90776,1758636638678,sell,1.000600,3.000000
90777,1758636656032,sell,1.000600,99880.000000
90778,1758636818705,buy,1.000900,6.000000
90779,1758636840708,buy,1.000900,3.000000
90780,1758636921327,buy,1.001300,9.000000
90781,1758637017042,sell,1.000900,6.000000
90782,1758637032088,sell,1.000900,3.000000
90783,1758637101915,buy,1.001300,6.000000
90784,1758637179958,buy,1.001300,3.000000
90785,1758637200819,sell,1.001300,6.000000
90786,1758637213425,sell,1.001300,9.000000
90787,1758637213641,buy,1.001600,6.000000
90788,1758637218585,sell,1.000900,9.000000
90789,1758637236966,buy,1.001300,6.000000
90790,1758637245642,buy,1.001300,3.000000
90791,1758637377586,buy,1.001600,6.000000
90792,1758637389791,sell,1.000900,6.000000
90793,1758637404863,buy,1.001500,98000.000000
90794,1758637407719,sell,1.000900,3.000000
90795,1758637437189,buy,1.001300,7.000000
90796,1758637439825,sell,1.000600,6.000000
90797,1758637442755,buy,1.001300,2.000000
90798,1758637445940,buy,1.001600,7.000000
90799,1758637449244,buy,1.001600,7.000000
90800,1758637452412,sell,1.000900,6.000000
90801,1758637455536,sell,1.000900,3.000000
90802,1758637459393,sell,1.000600,3.000000
90803,1758637462841,sell,1.000500,6.000000
90804,1758637465742,sell,1.000500,3.000000
90805,1758637468745,sell,1.000400,6.000000
90806,1758637471415,buy,1.000900,7.000000
90807,1758637474852,sell,1.000400,6.000000
90808,1758637477507,sell,1.000400,6.000000
90809,1758637480777,buy,1.000900,2.000000
90810,1758637483453,buy,1.001000,7.000000
90811,1758637486117,sell,1.000600,6.000000
90812,1758637489217,buy,1.000900,7.000000
90813,1758637492711,buy,1.000900,7.000000
90814,1758637495359,buy,1.000900,7.000000
90815,1758637498758,buy,1.000900,7.000000
90816,1758637501552,buy,1.000900,7.000000
90817,1758637506109,buy,1.000900,7.000000
90818,1758637508942,buy,1.000900,7.000000
90819,1758637511621,sell,1.000600,3.000000
90820,1758637514454,sell,1.000400,6.000000
90821,1758637517104,sell,1.000300,6.000000
90822,1758637519762,buy,1.000900,7.000000
90823,1758637522612,sell,1.000300,6.000000
90824,1758637525477,sell,1.000300,6.000000
90825,1758637528109,sell,1.000300,6.000000
90826,1758637531475,buy,1.000900,2.000000
90827,1758637534162,buy,1.001000,7.000000
90828,1758637536992,buy,1.001000,7.000000
90829,1758637542411,sell,1.000600,6.000000
90830,1758637545070,buy,1.001000,7.000000
90831,1758637547779,buy,1.001000,7.000000
90832,1758637551098,buy,1.001000,7.000000
90833,1758637553819,sell,1.000600,3.000000
90834,1758637556464,buy,1.000900,7.000000
90835,1758637559157,sell,1.000500,6.000000
90836,1758637561849,sell,1.000500,6.000000
90837,1758637564502,buy,1.000900,2.000000
90838,1758637567201,sell,1.000600,6.000000
90839,1758637570310,sell,1.000600,3.000000
90840,1758637573013,sell,1.000500,6.000000
90841,1758637576141,sell,1.000500,6.000000
90842,1758637579629,sell,1.000500,6.000000
90843,1758637581077,sell,1.000600,97951.000000
90844,1758637583022,buy,1.000900,7.000000
90845,1758637585781,sell,1.000600,6.000000
90846,1758637588466,sell,1.000600,6.000000
90847,1758637591156,sell,1.000600,6.000000
90848,1758637594759,buy,1.000900,2.000000
90849,1758637597635,buy,1.001000,7.000000
90850,1758637600741,buy,1.001000,7.000000
90851,1758637603914,sell,1.000600,6.000000
90852,1758637607209,buy,1.001000,1.000000
90853,1758637610232,buy,1.001300,7.000000
90854,1758637613950,buy,1.001300,2.000000
90855,1758637616653,sell,1.000900,6.000000
90856,1758637619994,buy,1.001600,5.000000
90857,1758637622686,sell,1.001000,6.000000
90858,1758637626796,sell,1.001000,6.000000
90859,1758637629802,buy,1.001700,7.000000
90860,1758637632593,sell,1.001000,6.000000
90861,1758637635296,buy,1.001700,3.000000
90862,1758637638535,buy,1.001900,7.000000
90863,1758637641673,buy,1.001900,1.000000
90864,1758637644361,buy,1.002100,7.000000
90865,1758637648037,sell,1.001300,6.000000
90866,1758637651536,buy,1.002100,7.000000
90867,1758637654870,sell,1.001700,6.000000
90868,1758637657899,buy,1.002100,7.000000
90869,1758637660563,buy,1.002100,7.000000
90870,1758637663654,buy,1.002100,7.000000
90871,1758637666366,sell,1.001700,3.000000
90872,1758637669728,buy,1.002100,7.000000
90873,1758637672433,buy,1.002100,7.000000
90874,1758637675541,buy,1.002100,7.000000
90875,1758637679704,sell,1.001600,6.000000
90876,1758637682537,buy,1.002100,1.000000
90877,1758637685933,buy,1.002400,7.000000
90878,1758637689080,sell,1.001700,7.000000
90879,1758637691792,buy,1.002400,7.000000
90880,1758637694638,sell,1.001700,2.000000
90881,1758637697318,sell,1.001600,6.000000
90882,1758637700213,sell,1.001600,6.000000
90883,1758637703059,buy,1.002100,7.000000
90884,1758637705846,buy,1.002100,2.000000
90885,1758637709219,sell,1.001700,6.000000
90886,1758637711925,sell,1.001700,3.000000
90887,1758637714607,sell,1.001600,6.000000
90888,1758637718249,buy,1.002100,7.000000
90889,1758637721668,sell,1.001600,6.000000
90890,1758637725636,buy,1.002100,2.000000
90891,1758637728293,sell,1.001700,6.000000
90892,1758637731172,buy,1.002400,7.000000
90893,1758637734282,sell,1.001700,3.000000
90894,1758637736985,sell,1.001600,3.000000
90895,1758637739871,sell,1.001300,3.000000
90896,1758637742682,sell,1.001000,6.000000
90897,1758637745365,sell,1.001000,6.000000
90898,1758637748698,buy,1.001700,7.000000
90899,1758637751729,buy,1.001700,2.000000
90900,1758637754457,buy,1.002100,7.000000
90901,1758637758807,sell,1.001300,6.000000
90902,1758637761833,sell,1.001300,3.000000
90903,1758637764526,buy,1.001700,7.000000
90904,1758637767227,buy,1.001700,2.000000
90905,1758637770632,buy,1.002100,7.000000
90906,1758637773328,buy,1.002100,7.000000
90907,1758637776044,buy,1.002100,7.000000
90908,1758637779864,buy,1.002100,6.000000
90909,1758637782730,sell,1.001700,7.000000
90910,1758637785986,sell,1.001700,2.000000
90911,1758637789068,sell,1.001300,6.000000
90912,1758637792547,sell,1.001300,3.000000
90913,1758637795285,buy,1.001700,7.000000
90914,1758637799915,sell,1.001000,6.000000
90915,1758637803232,sell,1.001000,6.000000
90916,1758637806571,buy,1.001600,7.000000
90917,1758637810720,sell,1.001000,6.000000
90918,1758637813923,sell,1.001000,6.000000
90919,1758637816749,sell,1.001000,3.000000
90920,1758637819730,buy,1.001600,26.000000
90921,1758637819933,sell,1.001600,6.000000
90922,1758637823352,buy,1.001700,7.000000
90923,1758637826779,sell,1.001600,6.000000
90924,1758637830265,sell,1.001600,6.000000
90925,1758637833681,buy,1.001700,7.000000
90926,1758637836337,buy,1.001700,7.000000
90927,1758637839675,buy,1.001700,5.000000
90928,1758637843148,buy,1.002100,7.000000
90929,1758637847001,buy,1.002100,7.000000
90930,1758637849770,buy,1.002100,3.000000
90931,1758637852841,sell,1.001700,7.000000
90932,1758637855659,buy,1.002400,3.000000
90933,1758637858877,buy,1.002500,7.000000
90934,1758637861889,sell,1.001700,7.000000
90935,1758637864669,buy,1.002100,7.000000
90936,1758637867577,sell,1.001700,7.000000
90937,1758637870251,buy,1.002100,2.000000
90938,1758637872973,sell,1.001700,6.000000
90939,1758637876993,buy,1.002500,2.000000
90940,1758637877240,sell,1.002100,9.000000
90941,1758637877240,sell,1.001700,15.000000
90942,1758637877240,sell,1.001600,5.000000
90943,1758637880671,sell,1.001600,6.000000
90944,1758637881345,sell,1.001600,15.000000
90945,1758637883724,sell,1.001600,6.000000
90946,1758637886780,buy,1.002100,7.000000
90947,1758637889948,sell,1.001600,1.000000
90948,1758637892713,sell,1.001300,6.000000
90949,1758637895398,sell,1.001300,3.000000
90950,1758637898053,sell,1.001000,6.000000
90951,1758637901484,sell,1.001000,6.000000
90952,1758637904133,buy,1.001700,7.000000
90953,1758637906818,sell,1.001000,6.000000
90954,1758637910115,sell,1.001000,6.000000
90955,1758637913698,buy,1.001700,2.000000
90956,1758637916667,sell,1.001300,6.000000
90957,1758637919353,sell,1.001300,3.000000
90958,1758637922606,sell,1.001000,6.000000
90959,1758637925353,sell,1.001000,6.000000
90960,1758637928051,sell,1.001000,6.000000
90961,1758637930974,sell,1.001000,6.000000
90962,1758637934270,buy,1.001600,7.000000
90963,1758637937472,sell,1.001000,6.000000
90964,1758637941214,buy,1.001600,7.000000
90965,1758637943973,sell,1.001000,3.000000
90966,1758637946630,sell,1.000900,6.000000
90967,1758637950428,buy,1.001300,7.000000
90968,1758637953618,buy,1.001300,2.000000
90969,1758637956293,buy,1.001600,7.000000
90970,1758637959383,buy,1.001600,7.000000
90971,1758637962178,buy,1.001600,5.000000
90972,1758637964822,buy,1.001700,7.000000
90973,1758637967708,sell,1.001000,6.000000
90974,1758637970463,buy,1.001700,7.000000
90975,1758637973510,buy,1.001700,7.000000
90976,1758637976848,sell,1.001300,6.000000
90977,1758637980248,buy,1.001700,7.000000
90978,1758637982932,buy,1.001700,5.000000
90979,1758637986021,buy,1.002100,7.000000
90980,1758637988667,sell,1.001700,6.000000
90981,1758637991433,buy,1.002100,7.000000
90982,1758637994310,buy,1.002100,7.000000
90983,1758637997730,buy,1.002100,7.000000
90984,1758638000443,sell,1.001700,3.000000
90985,1758638004270,sell,1.001300,3.000000
90986,1758638007085,buy,1.001700,7.000000
90987,1758638009900,buy,1.001700,2.000000
90988,1758638012607,buy,1.002100,6.000000
90989,1758638015249,sell,1.001300,7.000000
90990,1758638018068,buy,1.002100,6.000000
90991,1758638063796,sell,1.001600,11.000000
90992,1758638093133,buy,1.002000,95000.000000
90993,1758638156136,sell,1.001700,95000.000000
100864,1758637959383,buy,1.001600,7.000000
100865,1758637962178,buy,1.001600,5.000000
100866,1758637964822,buy,1.001700,7.000000
100867,1758637967708,sell,1.001000,6.000000
100868,1758637970463,buy,1.001700,2.000000
100869,1758637970463,buy,1.001700,5.000000
100870,1758637973510,buy,1.001700,7.000000
100871,1758637976848,sell,1.001300,6.000000
100872,1758637980248,buy,1.001700,7.000000
100873,1758637982932,buy,1.001700,5.000000
100874,1758637986021,buy,1.002100,2.000000
100875,1758637986021,buy,1.002100,5.000000
100876,1758637988667,sell,1.001700,6.000000
100877,1758637991433,buy,1.002100,7.000000
100878,1758637994310,buy,1.002100,7.000000
100879,1758637997730,buy,1.002100,7.000000
100880,1758638000443,sell,1.001700,3.000000
100881,1758638004270,sell,1.001300,3.000000
100882,1758638007085,buy,1.001700,7.000000
100883,1758638009900,buy,1.001700,2.000000
100884,1758638012607,buy,1.002100,6.000000
100885,1758638015249,sell,1.001300,7.000000
100886,1758638018068,buy,1.002100,1.000000
100887,1758638018068,buy,1.002100,5.000000
100888,1758638063796,sell,1.001600,11.000000
100889,1758638093133,buy,1.002000,95000.000000
100890,1758638156136,sell,1.001700,95000.000000
100891,1758638240439,buy,1.002000,95000.000000
100892,1758638261526,buy,1.002100,4.000000
100893,1758638261526,buy,1.002400,24.000000
100894,1758638261526,buy,1.002500,1.000000
100895,1758638272211,buy,1.002500,8.000000
100896,1758638272211,buy,1.002600,21.000000
100897,1758638279098,buy,1.002600,12.000000
100898,1758638279098,buy,1.002800,9.000000
100899,1758638279098,buy,1.003000,8.000000
100900,1758638289296,buy,1.003000,29.000000
100901,1758638296584,buy,1.003000,24.000000
100902,1758638296585,buy,1.003100,5.000000
100903,1758638303054,buy,1.003100,19.000000
100904,1758638303054,buy,1.003200,9.000000
100905,1758638303054,buy,1.003200,1.000000
100906,1758638309422,buy,1.003200,29.000000
100907,1758638314826,buy,1.003200,3.000000
100908,1758638314826,buy,1.003300,6.000000
100909,1758638314826,buy,1.003600,9.000000
100910,1758638314826,buy,1.003700,11.000000
100911,1758638379869,sell,1.003200,9.000000
100912,1758638379869,sell,1.002800,9.000000
100913,1758638379869,sell,1.002600,33.000000
100914,1758638379869,sell,1.002500,9.000000
100915,1758638379869,sell,1.002400,24.000000
100916,1758638379869,sell,1.002100,9.000000
100917,1758638379869,sell,1.002100,33.000000
100918,1758638379869,sell,1.002100,6.000000
100919,1758638379869,sell,1.001900,61.000000
100920,1758638379869,sell,1.001700,25.000000
100921,1758638379869,sell,1.001700,9.000000
100922,1758638379869,sell,1.001700,24.000000
100923,1758638379869,sell,1.001600,22.000000
100924,1758638379869,sell,1.001300,2.000000
100925,1758638407480,buy,1.001700,7.000000
100926,1758638414798,sell,1.001000,6.000000
100927,1758638422436,buy,1.001700,2.000000
100928,1758638429752,buy,1.002100,7.000000
100929,1758638436814,sell,1.001300,6.000000
100930,1758638445089,buy,1.002100,2.000000
100931,1758638445089,buy,1.002100,5.000000
100932,1758638454309,buy,1.002100,7.000000
100933,1758638462286,buy,1.002100,7.000000
100934,1758638469692,sell,1.001700,6.000000
100935,1758638477180,buy,1.002100,7.000000
100936,1758638484672,buy,1.002100,7.000000
100937,1758638492111,sell,1.001700,3.000000
100938,1758638499502,buy,1.002100,7.000000
100939,1758638507333,sell,1.001600,6.000000
100940,1758638514892,sell,1.001600,6.000000
100941,1758638522678,sell,1.001600,6.000000
100942,1758638530065,buy,1.002100,2.000000
100943,1758638537586,buy,1.002400,7.000000
100944,1758638545086,sell,1.001700,6.000000
100945,1758638552245,sell,1.001700,3.000000
100946,1758638560053,buy,1.002100,7.000000
100947,1758638564971,sell,1.001800,95000.000000
100948,1758638567220,sell,1.001600,6.000000
100949,1758638574334,buy,1.002100,2.000000
100950,1758638581337,buy,1.002400,7.000000
100951,1758638588317,sell,1.001700,6.000000
100952,1758638595370,buy,1.002400,7.000000
100953,1758638603739,buy,1.002400,3.000000
100954,1758638612376,sell,1.001700,3.000000
100955,1758638612376,sell,1.001700,3.000000
100956,1758638619993,buy,1.002100,7.000000
100957,1758638627907,sell,1.001700,6.000000
100958,1758638636845,sell,1.001700,6.000000
100959,1758638644190,buy,1.002100,2.000000
100960,1758638651114,buy,1.002500,7.000000
100961,1758638658332,sell,1.001700,6.000000
100962,1758638665839,buy,1.002500,2.000000
100963,1758638673468,sell,1.002100,6.000000
91060,1758638681164,buy,1.002600,7.000000
91061,1758638689144,buy,1.002600,7.000000
91062,1758638696803,sell,1.002100,3.000000
91063,1758638704491,sell,1.001700,6.000000
91064,1758638714819,sell,1.001700,6.000000
91065,1758638722793,sell,1.001600,6.000000
91066,1758638730520,sell,1.001600,3.000000
91067,1758638737536,buy,1.002100,7.000000
91068,1758638744957,buy,1.002100,7.000000
91069,1758638753357,buy,1.002100,7.000000
91070,1758638760266,buy,1.002100,7.000000
91071,1758638767675,buy,1.002100,7.000000
91072,1758638774883,sell,1.001700,6.000000
91073,1758638783259,buy,1.002100,7.000000
91074,1758638790270,buy,1.002400,7.000000
91075,1758638797732,sell,1.001700,3.000000
91076,1758638805345,buy,1.002100,7.000000
100964,1758638681164,buy,1.002600,7.000000
100965,1758638689144,buy,1.002600,7.000000
100966,1758638696803,sell,1.002100,3.000000
100967,1758638704491,sell,1.001700,3.000000
100968,1758638704491,sell,1.001700,3.000000
100969,1758638714819,sell,1.001700,6.000000
100970,1758638722793,sell,1.001600,6.000000
100971,1758638730520,sell,1.001600,3.000000
100972,1758638737536,buy,1.002100,7.000000
100973,1758638744957,buy,1.002100,2.000000
100974,1758638744957,buy,1.002100,5.000000
100975,1758638753357,buy,1.002100,7.000000
100976,1758638760266,buy,1.002100,7.000000
100977,1758638767675,buy,1.002100,7.000000
100978,1758638774883,sell,1.001700,6.000000
100979,1758638783259,buy,1.002100,7.000000
100980,1758638790270,buy,1.002400,7.000000
100981,1758638797732,sell,1.001700,3.000000
100982,1758638805345,buy,1.002100,7.000000
100983,1758638812920,buy,1.002100,2.000000
100984,1758638820333,sell,1.001700,6.000000
91079,1758638828452,buy,1.002400,7.000000
91080,1758638837785,sell,1.001700,3.000000
91081,1758638846783,sell,1.001600,6.000000
91082,1758638854593,buy,1.002100,7.000000
91083,1758638863178,sell,1.001600,6.000000
91084,1758638870815,sell,1.001600,6.000000
91085,1758638878298,buy,1.002100,2.000000
91086,1758638885257,sell,1.001700,6.000000
91087,1758638893207,sell,1.001700,3.000000
100985,1758638828452,buy,1.002400,7.000000
100986,1758638837785,sell,1.001700,3.000000
100987,1758638846783,sell,1.001600,6.000000
100988,1758638854593,buy,1.002100,7.000000
100989,1758638863178,sell,1.001600,6.000000
100990,1758638870815,sell,1.001600,6.000000
100991,1758638878298,buy,1.002100,2.000000
100992,1758638885257,sell,1.001700,6.000000
100993,1758638893207,sell,1.001700,3.000000
100994,1758638901599,sell,1.001600,6.000000
91089,1758638909252,sell,1.001600,6.000000
91090,1758638916702,sell,1.001600,3.000000
91091,1758638923805,sell,1.001300,3.000000
91092,1758638930733,buy,1.001700,7.000000
91093,1758638939204,sell,1.001000,6.000000
91094,1758638946059,sell,1.001000,6.000000
91095,1758638954397,buy,1.001700,2.000000
91096,1758638961855,sell,1.001300,6.000000
91097,1758638970423,sell,1.001300,3.000000
91098,1758638979332,sell,1.001000,6.000000
91099,1758638986621,sell,1.001000,6.000000
91100,1758638994011,buy,1.001600,7.000000
91101,1758639002812,buy,1.001600,7.000000
91102,1758639011710,sell,1.001000,6.000000
91103,1758639018878,sell,1.001000,6.000000
91104,1758639027046,sell,1.001000,6.000000
91105,1758639034608,sell,1.001000,3.000000
91106,1758639042621,buy,1.001600,7.000000
100995,1758638909252,sell,1.001600,6.000000
100996,1758638916702,sell,1.001600,3.000000
100997,1758638923805,sell,1.001300,3.000000
100998,1758638930733,buy,1.001700,7.000000
100999,1758638939204,sell,1.001000,6.000000
101000,1758638946059,sell,1.001000,6.000000
101001,1758638954397,buy,1.001700,2.000000
101002,1758638961855,sell,1.001300,6.000000
101003,1758638970423,sell,1.001300,3.000000
101004,1758638979332,sell,1.001000,6.000000
101005,1758638986621,sell,1.001000,3.000000
101006,1758638986621,sell,1.001000,3.000000
101007,1758638994011,buy,1.001600,7.000000
101008,1758639002812,buy,1.001600,7.000000
101009,1758639011710,sell,1.001000,6.000000
101010,1758639018878,sell,1.001000,6.000000
101011,1758639027046,sell,1.001000,6.000000
101012,1758639034608,sell,1.001000,3.000000
101013,1758639042621,buy,1.001600,7.000000
101014,1758639052141,sell,1.000900,3.000000
101015,1758639052141,sell,1.000900,3.000000
101016,1758639059093,buy,1.001600,7.000000
91109,1758639066609,sell,1.000900,6.000000
91110,1758639075044,buy,1.001300,7.000000
91111,1758639082722,sell,1.000800,6.000000
91112,1758639089702,sell,1.000800,6.000000
91113,1758639097494,buy,1.001300,2.000000
91114,1758639104988,buy,1.001600,7.000000
91115,1758639112537,buy,1.001600,7.000000
91116,1758639122554,buy,1.001600,7.000000
91117,1758639131177,sell,1.001000,6.000000
91118,1758639138612,buy,1.001600,7.000000
91119,1758639147940,buy,1.001600,7.000000
91120,1758639155836,buy,1.001600,7.000000
91121,1758639162970,buy,1.001600,7.000000
91122,1758639170083,buy,1.001600,7.000000
91123,1758639179581,buy,1.001600,7.000000
91124,1758639187365,sell,1.001000,6.000000
101017,1758639066609,sell,1.000900,6.000000
101018,1758639075044,buy,1.001300,7.000000
101019,1758639082722,sell,1.000800,6.000000
101020,1758639089702,sell,1.000800,6.000000
101021,1758639097494,buy,1.001300,2.000000
101022,1758639104988,buy,1.001600,5.000000
101023,1758639104988,buy,1.001600,2.000000
101024,1758639112537,buy,1.001600,7.000000
101025,1758639122554,buy,1.001600,7.000000
101026,1758639131177,sell,1.001000,6.000000
101027,1758639138612,buy,1.001600,7.000000
101028,1758639147940,buy,1.001600,7.000000
101029,1758639155836,buy,1.001600,7.000000
101030,1758639162970,buy,1.001600,7.000000
101031,1758639170083,buy,1.001600,7.000000
101032,1758639179581,buy,1.001600,7.000000
101033,1758639187365,sell,1.001000,6.000000
101034,1758639194311,sell,1.001000,6.000000
101035,1758639202276,sell,1.001000,6.000000
101036,1758639211290,buy,1.001600,7.000000
101037,1758639219583,buy,1.001600,7.000000
101038,1758639226756,buy,1.001600,7.000000
101039,1758639234628,sell,1.001000,6.000000
101040,1758639242348,sell,1.001000,3.000000
101041,1758639242348,sell,1.001000,3.000000
101042,1758639249495,sell,1.001000,6.000000
101043,1758639257439,buy,1.001500,7.000000
101044,1758639266305,buy,1.001600,7.000000
101045,1758639273145,sell,1.000900,6.000000
101046,1758639280716,sell,1.000900,3.000000
101047,1758639288064,sell,1.000800,6.000000
101048,1758639295435,sell,1.000800,6.000000
101049,1758639305885,buy,1.001300,7.000000
101050,1758639313387,buy,1.001300,2.000000
101051,1758639321712,sell,1.000900,6.000000
101052,1758639328789,buy,1.001500,95000.000000
101053,1758639328880,sell,1.000900,3.000000
101054,1758639336765,buy,1.001300,7.000000
101055,1758639346094,buy,1.001300,2.000000
101056,1758639353350,buy,1.001600,7.000000
101057,1758639361041,buy,1.001600,7.000000
101058,1758639370430,buy,1.001600,7.000000
101059,1758639372023,sell,1.000900,9.000000
101060,1758639372023,sell,1.000900,95000.000000
101061,1758639378753,sell,1.000900,6.000000
101062,1758639386724,sell,1.000900,1.000000
101063,1758639386724,sell,1.000800,5.000000
101064,1758639393595,buy,1.001300,7.000000
101065,1758639402533,sell,1.000800,6.000000
101066,1758639410209,buy,1.001300,2.000000
101067,1758639417952,sell,1.000900,6.000000
101068,1758639426751,sell,1.000900,3.000000
101069,1758639434209,sell,1.000800,6.000000
101070,1758639441829,buy,1.001300,7.000000
101071,1758639450014,sell,1.000800,6.000000
101072,1758639457152,buy,1.001300,2.000000
101073,1758639465370,buy,1.001600,7.000000
101074,1758639472637,buy,1.001600,7.000000
101075,1758639481143,sell,1.000900,6.000000
101076,1758639488166,buy,1.001600,7.000000
101077,1758639495687,buy,1.001600,7.000000
91167,1758639504422,buy,1.001600,7.000000
91168,1758639511953,sell,1.000900,3.000000
91169,1758639518837,sell,1.000800,6.000000
91170,1758639526014,buy,1.001300,7.000000
91171,1758639534783,sell,1.000800,6.000000
91172,1758639541182,buy,1.001200,90000.000000
91173,1758639542248,sell,1.000800,2.000000
91174,1758639549895,buy,1.001300,2.000000
91175,1758639556811,sell,1.000900,6.000000
101078,1758639504422,buy,1.001600,7.000000
101079,1758639511953,sell,1.000900,3.000000
101080,1758639518837,sell,1.000800,6.000000
101081,1758639526014,buy,1.001300,7.000000
101082,1758639534783,sell,1.000800,6.000000
101083,1758639541182,buy,1.001200,90000.000000
101084,1758639542248,sell,1.000800,2.000000
101085,1758639549895,buy,1.001300,2.000000
101086,1758639556811,sell,1.000900,6.000000
101087,1758639563647,buy,1.001600,7.000000
91177,1758639572759,sell,1.000900,3.000000
91178,1758639579926,buy,1.001300,7.000000
91179,1758639586701,sell,1.000600,6.000000
91180,1758639595050,buy,1.001300,2.000000
91181,1758639603247,buy,1.001600,7.000000
91182,1758639611240,sell,1.000900,6.000000
91183,1758639618986,sell,1.000900,3.000000
101088,1758639572759,sell,1.000900,3.000000
101089,1758639579926,buy,1.001300,7.000000
101090,1758639586701,sell,1.000600,6.000000
101091,1758639595050,buy,1.001300,2.000000
101092,1758639603247,buy,1.001600,7.000000
101093,1758639611240,sell,1.000900,6.000000
101094,1758639618986,sell,1.000900,3.000000
101095,1758639626307,buy,1.001300,7.000000
101096,1758639633427,sell,1.000700,90000.000000
101097,1758639635127,buy,1.001300,2.000000
101098,1758639649275,sell,1.000900,6.000000
101099,1758639658337,buy,1.001600,7.000000
101100,1758639665912,buy,1.001600,7.000000
91190,1758639673221,sell,1.000900,3.000000
91191,1758639679656,sell,1.000600,3.000000
91192,1758639679656,sell,1.000500,3.000000
91193,1758639680191,buy,1.000900,7.000000
91194,1758639682237,sell,1.000400,24.000000
91195,1758639682237,sell,1.000300,6.000000
91196,1758639687732,buy,1.000900,2.000000
91197,1758639695158,buy,1.001000,7.000000
91198,1758639704867,sell,1.000600,6.000000
91199,1758639712763,buy,1.001000,7.000000
91200,1758639721099,sell,1.000600,3.000000
91201,1758639729540,buy,1.000900,7.000000
91202,1758639739353,sell,1.000300,6.000000
91203,1758639746973,sell,1.000300,30.000000
91204,1758639748833,sell,1.000300,6.000000
91205,1758639756896,buy,1.000900,2.000000
91206,1758639763970,sell,1.000600,6.000000
91207,1758639771229,sell,1.000600,3.000000
91208,1758639780001,buy,1.000900,7.000000
91209,1758639786981,buy,1.000900,2.000000
91210,1758639794162,buy,1.001000,7.000000
91211,1758639802430,buy,1.000900,7.000000
91212,1758639810656,buy,1.000900,7.000000
91213,1758639818599,sell,1.000600,6.000000
91214,1758639826758,sell,1.000600,3.000000
91215,1758639834461,buy,1.000900,7.000000
91216,1758639842026,buy,1.000900,7.000000
91217,1758639849400,buy,1.000900,7.000000
91218,1758639856638,buy,1.000900,7.000000
91219,1758639863502,sell,1.000600,6.000000
91220,1758639867157,buy,1.000900,27.000000
91221,1758639870504,buy,1.001000,7.000000
91222,1758639878425,buy,1.001000,7.000000
91223,1758639885425,buy,1.001000,7.000000
91224,1758639887919,sell,1.000900,4968.000000
91225,1758639889248,buy,1.000900,5032.000000
91226,1758639892536,sell,1.000900,6.000000
91227,1758639900549,sell,1.000900,6.000000
91228,1758639908511,buy,1.001000,7.000000
91229,1758639910675,sell,1.000900,30.000000
91230,1758639911594,sell,1.000900,4926.000000
91231,1758639911594,sell,1.000600,3.000000
91232,1758639916410,buy,1.000600,7.000000
91233,1758639924218,sell,1.000500,6.000000
91234,1758639931993,buy,1.000600,7.000000
91235,1758639939065,buy,1.000600,7.000000
91236,1758639947798,sell,1.000500,6.000000
91237,1758639954585,buy,1.000600,7.000000
91238,1758639963126,buy,1.000600,7.000000
91239,1758639971105,sell,1.000500,6.000000
91240,1758639979175,sell,1.000500,6.000000
91241,1758639986445,buy,1.000600,7.000000
91242,1758639987816,sell,1.000500,10000.000000
91243,1758639988165,buy,1.000600,54.000000
91244,1758639994149,buy,1.000900,7.000000
91245,1758640002789,buy,1.000900,7.000000
91246,1758640009952,sell,1.000600,6.000000
91247,1758640011147,buy,1.000900,9.000000
91248,1758640017248,buy,1.000900,7.000000
91249,1758640024929,buy,1.000900,7.000000
91250,1758640033184,buy,1.000900,2.000000
91251,1758640036409,sell,1.000600,10.000000
91252,1758640040501,sell,1.000600,6.000000
91253,1758640048083,sell,1.000600,6.000000
91254,1758640056703,buy,1.000900,7.000000
91255,1758640065662,sell,1.000600,6.000000
91256,1758640073884,buy,1.000900,7.000000
91257,1758640075160,sell,1.000600,28.000000
91258,1758640081465,sell,1.000600,6.000000
91259,1758640088333,sell,1.000600,6.000000
91260,1758640096251,sell,1.000600,6.000000
91261,1758640104110,sell,1.000600,19.000000
91262,1758640104418,buy,1.000900,7.000000
91263,1758640109507,sell,1.000600,12.000000
91264,1758640111198,sell,1.000600,6.000000
91265,1758640117563,sell,1.000600,9.000000
91266,1758640118428,sell,1.000600,6.000000
91267,1758640121883,sell,1.000600,16.000000
91268,1758640125419,sell,1.000600,6.000000
91269,1758640125903,sell,1.000600,15.000000
91270,1758640130844,sell,1.000600,18.000000
91271,1758640132951,buy,1.000900,7.000000
91272,1758640134567,sell,1.000600,15.000000
91273,1758640139585,sell,1.000600,12.000000
91274,1758640141121,sell,1.000600,6.000000
91275,1758640143576,sell,1.000600,9.000000
91276,1758640149047,buy,1.000900,7.000000
91277,1758640151030,sell,1.000600,7.000000
91278,1758640156167,buy,1.000900,7.000000
91279,1758640156601,sell,1.000600,5.000000
91280,1758640163638,sell,1.000600,6.000000
91281,1758640164323,sell,1.000600,5.000000
91282,1758640172400,buy,1.000900,7.000000
91283,1758640179123,sell,1.000600,6.000000
91284,1758640180130,sell,1.000600,6.000000
91285,1758640188227,sell,1.000600,6.000000
91286,1758640196368,sell,1.000600,6.000000
91287,1758640204099,buy,1.000900,7.000000
91288,1758640213087,sell,1.000600,6.000000
91289,1758640220615,buy,1.000900,4.000000
91290,1758640227630,buy,1.001000,7.000000
91291,1758640234708,buy,1.001000,7.000000
91292,1758640241588,sell,1.000600,6.000000
91293,1758640249818,buy,1.000900,7.000000
91294,1758640256584,sell,1.000600,6.000000
91295,1758640263980,buy,1.000900,7.000000
91296,1758640270589,buy,1.000900,116.000000
91297,1758640309938,buy,1.000900,29.000000
91298,1758640325006,buy,1.000900,1.000000
91299,1758640328371,sell,1.000900,30.000000
91300,1758640341275,sell,1.000900,30.000000
91301,1758640344384,buy,1.001000,29.000000
91302,1758640350332,buy,1.001000,60.000000
91303,1758640359066,buy,1.001000,20.000000
91304,1758640363154,buy,1.001000,29.000000
91305,1758640368071,buy,1.001000,10.000000
91306,1758640370546,buy,1.000900,29.000000
91307,1758640371812,buy,1.000900,1.000000
91308,1758640371812,buy,1.001000,5.000000
91309,1758640376813,buy,1.001000,13.000000
91310,1758640392602,buy,1.000900,7.000000
91311,1758640399216,sell,1.000700,6.000000
91312,1758640406603,buy,1.000900,7.000000
91313,1758640414285,sell,1.000700,6.000000
91314,1758640421494,sell,1.000700,6.000000
91315,1758640428263,buy,1.000900,7.000000
91316,1758640436030,sell,1.000700,6.000000
91317,1758640443895,buy,1.000900,7.000000
91318,1758640451689,buy,1.000900,7.000000
91319,1758640458519,sell,1.000700,7.000000
91320,1758640465516,sell,1.000700,6.000000
91321,1758640474113,sell,1.000700,6.000000
91322,1758640481632,buy,1.000900,7.000000
91323,1758640489594,buy,1.000900,7.000000
91324,1758640498545,sell,1.000700,6.000000
91325,1758640505623,buy,1.000900,7.000000
91326,1758640512315,sell,1.000700,348.000000
91327,1758640513687,sell,1.000700,6.000000
91328,1758640521285,sell,1.000700,6.000000
91329,1758640529016,sell,1.000700,6.000000
91330,1758640534223,buy,1.000900,29.000000
91331,1758640537006,sell,1.000700,6.000000
91332,1758640545285,sell,1.000700,6.000000
91333,1758640554153,buy,1.000900,7.000000
91334,1758640563482,buy,1.000900,7.000000
91335,1758640572471,sell,1.000700,6.000000
91336,1758640579768,buy,1.000900,7.000000
91337,1758640586951,buy,1.000900,7.000000
91338,1758640594571,buy,1.000900,7.000000
91339,1758640602371,sell,1.000700,6.000000
91340,1758640609551,sell,1.000700,6.000000
91341,1758640616947,buy,1.001000,7.000000
91342,1758640624739,sell,1.000700,6.000000
91343,1758640632600,buy,1.001000,7.000000
91344,1758640639347,buy,1.001000,7.000000
91345,1758640646846,sell,1.000700,7.000000
91346,1758640655264,sell,1.000700,6.000000
91347,1758640659461,sell,1.000700,29.000000
91348,1758640662091,sell,1.000700,6.000000
91349,1758640670548,buy,1.000900,7.000000
91350,1758640681951,buy,1.000900,7.000000
91351,1758640689335,buy,1.000900,7.000000
91352,1758640696779,buy,1.000900,6.000000
91353,1758640704376,buy,1.000900,6.000000
91354,1758640712665,buy,1.000900,6.000000
91355,1758640719519,sell,1.000700,7.000000
91356,1758640727981,buy,1.000900,6.000000
91357,1758640735283,sell,1.000700,7.000000
91358,1758640742590,sell,1.000700,7.000000
91359,1758640750153,buy,1.000900,6.000000
91360,1758640758644,buy,1.000900,6.000000
91361,1758640767241,sell,1.000700,7.000000
91362,1758640774643,sell,1.000700,7.000000
91363,1758640781792,buy,1.000900,3.000000
91364,1758640788515,sell,1.000700,7.000000
91365,1758640795908,sell,1.000700,6.000000
91366,1758640803285,sell,1.000700,6.000000
91367,1758640810873,buy,1.000900,7.000000
91368,1758640817892,sell,1.000700,6.000000
91369,1758640825014,buy,1.000900,7.000000
91370,1758640832050,buy,1.000900,7.000000
91371,1758640839184,buy,1.000900,6.000000
91372,1758640846683,sell,1.000700,7.000000
91373,1758640855432,sell,1.000700,7.000000
91374,1758640863509,buy,1.000900,3.000000
91375,1758640870717,sell,1.000700,6.000000
91376,1758640876408,buy,1.001000,26.000000
91377,1758640878614,sell,1.000700,6.000000
91378,1758640885753,sell,1.000700,6.000000
91379,1758640891293,sell,1.000700,408.000000
91380,1758640893733,buy,1.000700,7.000000
91381,1758640900543,buy,1.000700,7.000000
91382,1758640907439,buy,1.000700,7.000000
91383,1758640914949,sell,1.000600,7.000000
91384,1758640922388,buy,1.000700,7.000000
91385,1758640930029,buy,1.000700,6.000000
91386,1758640937792,sell,1.000600,2.000000
91387,1758640944464,buy,1.000700,6.000000
91388,1758640952179,buy,1.000700,6.000000
91389,1758640959314,sell,1.000500,7.000000
91390,1758640967907,sell,1.000500,7.000000
91391,1758640975040,sell,1.000500,7.000000
91392,1758640982328,buy,1.000900,7.000000
91393,1758640989713,buy,1.000900,6.000000
91394,1758640996922,buy,1.000900,6.000000
91395,1758641004099,sell,1.000600,7.000000
91396,1758641011810,buy,1.000900,6.000000
91397,1758641020683,buy,1.000900,6.000000
91398,1758641028351,sell,1.000600,2.000000
91399,1758641036319,buy,1.000900,6.000000
91400,1758641043651,buy,1.000900,6.000000
91401,1758641050462,sell,1.000500,7.000000
91402,1758641058179,sell,1.000500,5.000000
91403,1758641065181,sell,1.000400,7.000000
91404,1758641072327,buy,1.000900,6.000000
91405,1758641080403,buy,1.000900,6.000000
91406,1758641087766,sell,1.000400,7.000000
91407,1758641095167,buy,1.000900,6.000000
91408,1758641102293,buy,1.000900,6.000000
91409,1758641109078,buy,1.000900,6.000000
91410,1758641115787,sell,1.000400,7.000000
91411,1758641122870,sell,1.000400,3.000000
91412,1758641130569,sell,1.000300,7.000000
91413,1758641140576,sell,1.000300,7.000000
91414,1758641147731,sell,1.000400,7.000000
91415,1758641154913,buy,1.000900,6.000000
91416,1758641161905,sell,1.000600,7.000000
91417,1758641169197,sell,1.000600,2.000000
91418,1758641175969,sell,1.000400,6.000000
91419,1758641183526,sell,1.000400,6.000000
91420,1758641190306,buy,1.000900,7.000000
91421,1758641197914,sell,1.000400,6.000000
91422,1758641206046,buy,1.000900,7.000000
91423,1758641213230,sell,1.000400,6.000000
91424,1758641217054,buy,1.000900,24.000000
91425,1758641217054,buy,1.001000,400.000000
91426,1758641217054,buy,1.001300,9.000000
91427,1758641217054,buy,1.001500,3531.000000
91428,1758641220670,sell,1.000900,6.000000
91429,1758641227815,buy,1.001500,7.000000
91430,1758641234984,buy,1.001400,7.000000
91431,1758641242122,sell,1.000900,3.000000
91432,1758641250449,buy,1.001300,7.000000
91433,1758641257781,sell,1.000600,7.000000
91434,1758641265505,buy,1.001300,7.000000
91435,1758641273853,sell,1.000900,7.000000
91436,1758641281731,sell,1.000900,2.000000
91437,1758641288944,sell,1.000600,2.000000
91438,1758641296670,buy,1.000900,7.000000
91439,1758641305207,buy,1.000900,2.000000
91440,1758641312323,sell,1.000600,6.000000
91441,1758641319737,sell,1.000600,3.000000
91442,1758641327255,buy,1.000900,7.000000
91443,1758641335057,buy,1.000900,7.000000
91444,1758641342621,buy,1.000900,6.000000
91445,1758641350280,buy,1.000900,6.000000
91446,1758641358464,buy,1.000900,6.000000
91447,1758641365144,buy,1.000900,6.000000
91448,1758641372527,buy,1.000900,6.000000
91449,1758641379533,sell,1.000600,7.000000
91450,1758641387074,sell,1.000600,2.000000
91451,1758641393429,sell,1.000500,26.000000
91452,1758641493859,sell,1.000500,3545.000000
91453,1758641504695,sell,1.000400,419.000000
91454,1758641571287,buy,1.000500,25.000000
91455,1758641589745,buy,1.000500,5.000000
91456,1758641589745,buy,1.000600,20.000000
91457,1758641611947,buy,1.000500,26.000000
91458,1758641634025,buy,1.000500,28.000000
91459,1758641801022,buy,1.000600,901.000000
101299,1758640855432,sell,1.000700,7.000000
101300,1758640863509,buy,1.000900,3.000000
101301,1758640870717,sell,1.000700,6.000000
101302,1758640876408,buy,1.001000,26.000000
101303,1758640878614,sell,1.000700,6.000000
101304,1758640885753,sell,1.000700,6.000000
101305,1758640891293,sell,1.000700,408.000000
101306,1758640893733,buy,1.000700,7.000000
101307,1758640900543,buy,1.000700,7.000000
101308,1758640907439,buy,1.000700,7.000000
101309,1758640914949,sell,1.000600,7.000000
101310,1758640922388,buy,1.000700,7.000000
101311,1758640930029,buy,1.000700,6.000000
101312,1758640937792,sell,1.000600,2.000000
101313,1758640944464,buy,1.000700,6.000000
101314,1758640952179,buy,1.000700,6.000000
101315,1758640959314,sell,1.000500,7.000000
101316,1758640967907,sell,1.000500,7.000000
101317,1758640975040,sell,1.000500,7.000000
101318,1758640982328,buy,1.000900,7.000000
101319,1758640989713,buy,1.000900,2.000000
101320,1758640989713,buy,1.000900,4.000000
101321,1758640996922,buy,1.000900,6.000000
101322,1758641004099,sell,1.000600,7.000000
101323,1758641011810,buy,1.000900,6.000000
101324,1758641020683,buy,1.000900,6.000000
101325,1758641028351,sell,1.000600,2.000000
101326,1758641036319,buy,1.000900,6.000000
101327,1758641043651,buy,1.000900,2.000000
101328,1758641043651,buy,1.000900,4.000000
101329,1758641050462,sell,1.000500,7.000000
101330,1758641058179,sell,1.000500,5.000000
101331,1758641065181,sell,1.000400,7.000000
101332,1758641072327,buy,1.000900,6.000000
101333,1758641080403,buy,1.000900,6.000000
101334,1758641087766,sell,1.000400,7.000000
101335,1758641095167,buy,1.000900,6.000000
101336,1758641102293,buy,1.000900,6.000000
101337,1758641109078,buy,1.000900,2.000000
101338,1758641109078,buy,1.000900,4.000000
101339,1758641115787,sell,1.000400,7.000000
101340,1758641122870,sell,1.000400,3.000000
101341,1758641130569,sell,1.000300,7.000000
101342,1758641140576,sell,1.000300,7.000000
101343,1758641147731,sell,1.000400,7.000000
101344,1758641154913,buy,1.000900,5.000000
101345,1758641154913,buy,1.000900,1.000000
101346,1758641161905,sell,1.000600,7.000000
101347,1758641169197,sell,1.000600,2.000000
101348,1758641175969,sell,1.000400,6.000000
101349,1758641183526,sell,1.000400,6.000000
101350,1758641190306,buy,1.000900,7.000000
101351,1758641197914,sell,1.000400,6.000000
101352,1758641206046,buy,1.000900,7.000000
101353,1758641213230,sell,1.000400,6.000000
101354,1758641217054,buy,1.000900,15.000000
101355,1758641217054,buy,1.000900,9.000000
101356,1758641217054,buy,1.001000,313.000000
101357,1758641217054,buy,1.001000,30.000000
101358,1758641217054,buy,1.001000,33.000000
101359,1758641217054,buy,1.001000,24.000000
101360,1758641217054,buy,1.001300,9.000000
101361,1758641217054,buy,1.001500,3531.000000
101362,1758641220670,sell,1.000900,6.000000
101363,1758641227815,buy,1.001500,7.000000
101364,1758641234984,buy,1.001400,7.000000
101365,1758641242122,sell,1.000900,3.000000
101366,1758641250449,buy,1.001300,7.000000
101367,1758641257781,sell,1.000600,7.000000
101368,1758641265505,buy,1.001300,2.000000
101369,1758641265505,buy,1.001300,5.000000
101370,1758641273853,sell,1.000900,7.000000
101371,1758641281731,sell,1.000900,2.000000
101372,1758641288944,sell,1.000600,2.000000
101373,1758641296670,buy,1.000900,7.000000
101374,1758641305207,buy,1.000900,2.000000
101375,1758641312323,sell,1.000600,6.000000
101376,1758641319737,sell,1.000600,3.000000
101377,1758641327255,buy,1.000900,7.000000
101378,1758641335057,buy,1.000900,2.000000
101379,1758641335057,buy,1.000900,5.000000
101380,1758641342621,buy,1.000900,6.000000
101381,1758641350280,buy,1.000900,6.000000
101382,1758641358464,buy,1.000900,6.000000
101383,1758641365144,buy,1.000900,6.000000
101384,1758641372527,buy,1.000900,1.000000
101385,1758641372527,buy,1.000900,5.000000
101386,1758641379533,sell,1.000600,7.000000
101387,1758641387074,sell,1.000600,2.000000
101388,1758641393429,sell,1.000500,26.000000
101389,1758641493859,sell,1.000500,7.000000
101390,1758641493859,sell,1.000500,3538.000000
101391,1758641504695,sell,1.000400,419.000000
101392,1758641571287,buy,1.000500,25.000000
101393,1758641589745,buy,1.000500,5.000000
101394,1758641589745,buy,1.000600,20.000000
101395,1758641611947,buy,1.000500,26.000000
101396,1758641634025,buy,1.000500,4.000000
101397,1758641634025,buy,1.000500,24.000000
101398,1758641801022,buy,1.000600,901.000000
91460,1758642252055,buy,1.000600,454.000000
101399,1758642252055,buy,1.000600,454.000000
101400,1758642524059,buy,1.000600,30.000000
91462,1758642545034,sell,1.000400,24.000000
91463,1758642545034,sell,1.000300,6.000000
91464,1758642547854,sell,1.000300,30.000000
91465,1758642549917,sell,1.000300,30.000000
91466,1758642553250,sell,1.000300,30.000000
91467,1758642555756,sell,1.000300,30.000000
91468,1758642557949,sell,1.000300,30.000000
91469,1758642562229,sell,1.000300,30.000000
91470,1758642564736,sell,1.000300,30.000000
91471,1758642567781,sell,1.000300,30.000000
91472,1758642570474,sell,1.000300,30.000000
91473,1758642574196,sell,1.000300,30.000000
91474,1758642576652,sell,1.000300,30.000000
91475,1758642578940,sell,1.000300,30.000000
91476,1758642582240,sell,1.000300,30.000000
91477,1758642585507,sell,1.000300,30.000000
91478,1758642588650,sell,1.000400,30.000000
91479,1758642592752,sell,1.000400,30.000000
91480,1758642595005,sell,1.000400,30.000000
91481,1758642599117,sell,1.000400,30.000000
91482,1758642602605,sell,1.000400,30.000000
91483,1758642843951,sell,1.000400,349.000000
91484,1758642893370,sell,1.000400,2340.000000
91485,1758642986919,sell,1.000400,651.000000
91486,1758643005732,buy,1.000500,30.000000
91487,1758643013438,sell,1.000400,30.000000
91488,1758643018354,buy,1.000500,30.000000
91489,1758643022389,sell,1.000400,30.000000
91490,1758643026803,buy,1.000500,30.000000
91491,1758643031574,sell,1.000400,30.000000
91492,1758643035951,buy,1.000500,30.000000
91493,1758643039568,sell,1.000400,30.000000
91494,1758643044534,buy,1.000500,30.000000
91495,1758643045180,buy,1.000500,7065.000000
91496,1758643045824,sell,1.000400,1000.000000
91497,1758643050166,sell,1.000400,30.000000
91498,1758643067326,buy,1.000500,30.000000
91499,1758643156333,sell,1.000400,30.000000
91500,1758643166917,sell,1.000400,9996.000000
91501,1758643175032,sell,1.000400,9996.000000
91502,1758643232611,sell,1.000400,30.000000
91503,1758643244603,buy,1.000500,30.000000
91504,1758643271483,buy,1.000500,21.000000
91505,1758643273613,buy,1.000500,100.000000
91506,1758643310875,buy,1.000500,27.000000
91507,1758643325162,buy,1.000500,10000.000000
91508,1758643337764,buy,1.000500,10000.000000
91509,1758643340878,sell,1.000400,27.000000
91510,1758643358397,sell,1.000400,30.000000
91511,1758643367462,sell,1.000400,30.000000
91512,1758643373690,sell,1.000400,30.000000
91513,1758643379772,sell,1.000400,30.000000
91514,1758643415767,sell,1.000400,255.000000
91515,1758643415873,sell,1.000400,270.000000
91516,1758643415979,sell,1.000400,255.000000
91517,1758643416085,sell,1.000400,255.000000
91518,1758643416191,sell,1.000400,255.000000
91519,1758643416293,sell,1.000400,270.000000
91520,1758643416397,sell,1.000400,255.000000
91521,1758643416498,sell,1.000400,255.000000
91522,1758643416603,sell,1.000400,240.000000
91523,1758643416709,sell,1.000400,255.000000
91524,1758643416813,sell,1.000400,255.000000
91525,1758643416919,sell,1.000400,255.000000
91526,1758643417021,sell,1.000400,165.000000
91527,1758643417127,sell,1.000400,255.000000
91528,1758643417231,sell,1.000400,270.000000
91529,1758643417334,sell,1.000400,270.000000
91530,1758643417439,sell,1.000400,255.000000
91531,1758643417540,sell,1.000400,255.000000
91532,1758643417643,sell,1.000400,270.000000
91533,1758643417746,sell,1.000400,240.000000
91534,1758643417852,sell,1.000400,255.000000
91535,1758643417955,sell,1.000400,225.000000
91536,1758643418056,sell,1.000400,255.000000
91537,1758643418159,sell,1.000400,255.000000
91538,1758643418265,sell,1.000400,255.000000
91539,1758643418370,sell,1.000400,255.000000
91540,1758643418474,sell,1.000400,240.000000
91541,1758643418575,sell,1.000400,255.000000
91542,1758643418679,sell,1.000400,240.000000
91543,1758643418780,sell,1.000400,255.000000
91544,1758643418886,sell,1.000400,195.000000
91545,1758643418990,sell,1.000400,270.000000
91546,1758643419096,sell,1.000400,255.000000
91547,1758643419202,sell,1.000400,255.000000
91548,1758643419308,sell,1.000400,450.000000
91549,1758643419410,sell,1.000400,480.000000
91550,1758643419512,sell,1.000400,430.000000
91551,1758643450908,buy,1.000500,29.000000
91552,1758643519642,buy,1.000500,100000.000000
91553,1758643655339,buy,1.000500,100000.000000
91554,1758643686030,buy,1.000500,29.000000
91555,1758643692984,buy,1.000500,29.000000
91556,1758643699178,buy,1.000500,29.000000
91557,1758643705750,buy,1.000500,29.000000
91558,1758643719405,buy,1.000500,29.000000
91559,1758643726820,buy,1.000500,29.000000
91560,1758643743437,buy,1.000500,29.000000
91561,1758643754808,buy,1.000500,29.000000
91562,1758643765597,buy,1.000500,29.000000
91563,1758643797030,sell,1.000400,100000.000000
91564,1758643852556,sell,1.000400,110070.000000
91565,1758643898222,buy,1.000500,5000.000000
91566,1758643899061,buy,1.000500,100000.000000
91567,1758643915772,sell,1.000400,100000.000000
91568,1758643918009,sell,1.000400,3000.000000
91569,1758643919309,buy,1.000500,50000.000000
91570,1758643968915,buy,1.000500,100000.000000
91571,1758643980783,sell,1.000400,100000.000000
91572,1758643993274,buy,1.000500,100000.000000
91573,1758644005348,sell,1.000400,100000.000000
91574,1758644018354,buy,1.000500,100000.000000
91575,1758644025165,sell,1.000400,100000.000000
91576,1758644132324,buy,1.000500,100000.000000
91577,1758644141563,sell,1.000400,100000.000000
91578,1758644153930,buy,1.000500,100000.000000
91579,1758644179101,sell,1.000400,100000.000000
91580,1758644182482,sell,1.000400,24.000000
91581,1758644187820,buy,1.000500,100000.000000
91582,1758644198505,sell,1.000400,100000.000000
91583,1758644207076,buy,1.000500,100000.000000
91584,1758644259581,buy,1.000500,10000.000000
91585,1758644287776,sell,1.000400,100000.000000
91586,1758644297060,buy,1.000500,100000.000000
91587,1758644305795,sell,1.000400,100000.000000
91588,1758644326044,sell,1.000400,65000.000000
91589,1758644329612,buy,1.000500,50000.000000
91590,1758644340020,sell,1.000400,50000.000000
91591,1758644342170,buy,1.000500,100000.000000
91592,1758644391600,sell,1.000400,100000.000000
91593,1758644407746,sell,1.000400,23.000000
91594,1758644408670,buy,1.000500,100000.000000
91595,1758644412272,buy,1.000500,9.000000
91596,1758644423302,sell,1.000400,100000.000000
91597,1758644435432,buy,1.000500,100000.000000
91598,1758644441497,buy,1.000500,29.000000
91599,1758644449702,sell,1.000400,100000.000000
91600,1758644465484,buy,1.000500,10.000000
91601,1758644480148,sell,1.000400,10.000000
91602,1758644507161,buy,1.000500,100000.000000
91603,1758644551068,sell,1.000400,100000.000000
91604,1758644608969,buy,1.000500,100000.000000
91605,1758644619306,sell,1.000400,100000.000000
91606,1758644629565,buy,1.000500,100000.000000
91607,1758644635741,sell,1.000400,100000.000000
91608,1758644644582,buy,1.000500,100000.000000
91609,1758644651653,sell,1.000400,100000.000000
91610,1758644656993,buy,1.000500,52720.000000
91611,1758644657949,sell,1.000500,47280.000000
91612,1758644670988,sell,1.000400,100000.000000
91613,1758644692422,buy,1.000500,100000.000000
91614,1758644694389,buy,1.000500,100000.000000
91615,1758644701084,sell,1.000400,100000.000000
91616,1758644708151,sell,1.000400,100000.000000
91617,1758644723251,buy,1.000500,100000.000000
91618,1758644728374,buy,1.000500,100000.000000
91619,1758644733783,sell,1.000400,100000.000000
91620,1758644735196,sell,1.000400,100000.000000
91621,1758644746345,buy,1.000500,200000.000000
91622,1758644748557,buy,1.000500,100000.000000
91623,1758644755538,sell,1.000400,200000.000000
91624,1758644763833,buy,1.000500,200000.000000
91625,1758644765101,sell,1.000400,100000.000000
91626,1758644771161,sell,1.000400,200000.000000
91627,1758644777485,buy,1.000500,200000.000000
91628,1758644785460,sell,1.000400,200000.000000
91629,1758644794035,buy,1.000500,200000.000000
91630,1758644799860,sell,1.000400,200000.000000
91631,1758644806394,buy,1.000500,200000.000000
91632,1758644812705,sell,1.000400,200000.000000
91633,1758644826982,buy,1.000500,100000.000000
91634,1758644835880,buy,1.000500,200000.000000
91635,1758644841033,sell,1.000400,100000.000000
91636,1758644842605,sell,1.000400,200000.000000
91637,1758644853669,buy,1.000500,100000.000000
91638,1758644859719,buy,1.000500,300000.000000
91639,1758644861942,buy,1.000500,82764.000000
91640,1758644862605,sell,1.000500,17236.000000
91641,1758644868942,sell,1.000400,300000.000000
91642,1758644872095,sell,1.000400,100000.000000
91643,1758644884062,buy,1.000500,25.000000
91644,1758644899599,sell,1.000400,100000.000000
91645,1758644909592,buy,1.000500,100000.000000
91646,1758644913654,buy,1.000500,200000.000000
91647,1758644914681,buy,1.000500,22.000000
91648,1758644915084,buy,1.000500,29.000000
91649,1758644919827,sell,1.000400,200000.000000
91650,1758644934566,sell,1.000400,100000.000000
91651,1758644938066,sell,1.000400,300000.000000
91652,1758644944928,buy,1.000500,300000.000000
91653,1758644945221,buy,1.000500,100000.000000
91654,1758644946261,buy,1.000500,29.000000
91655,1758644950606,sell,1.000400,100000.000000
91656,1758644951034,buy,1.000500,111505.000000
91657,1758644951829,sell,1.000500,188495.000000
91658,1758644955774,buy,1.000500,2388.000000
91659,1758644959979,sell,1.000500,156.000000
91660,1758644964301,buy,1.000500,100000.000000
91661,1758644970615,sell,1.000400,100000.000000
91662,1758644991579,sell,1.000400,66633.000000
91663,1758645019173,sell,1.000400,44414.000000
91664,1758645041855,buy,1.000500,100000.000000
91665,1758645059266,sell,1.000400,29607.000000
91666,1758645082561,sell,1.000400,100000.000000
91667,1758645083481,sell,1.000400,10000.000000
91668,1758645091039,buy,1.000500,100000.000000
91669,1758645100079,sell,1.000400,100000.000000
91670,1758645114956,buy,1.000500,100000.000000
91671,1758645118845,sell,1.000400,10000.000000
91672,1758645120576,sell,1.000400,100000.000000
91673,1758645121281,buy,1.000500,29.000000
91674,1758645128376,buy,1.000500,100000.000000
91675,1758645135241,sell,1.000400,100000.000000
91676,1758645144322,buy,1.000500,100000.000000
91677,1758645151364,sell,1.000400,100000.000000
91678,1758645158613,buy,1.000500,100000.000000
91679,1758645163262,sell,1.000400,13000.000000
91680,1758645163781,sell,1.000400,100000.000000
91681,1758645169351,buy,1.000500,100000.000000
91682,1758645175027,sell,1.000400,100000.000000
91683,1758645182744,buy,1.000500,100000.000000
91684,1758645189303,sell,1.000400,100000.000000
91685,1758645198161,buy,1.000500,100000.000000
91686,1758645198710,sell,1.000400,8732.000000
91687,1758645204546,sell,1.000400,100000.000000
91688,1758645211870,buy,1.000500,100000.000000
91689,1758645219210,sell,1.000400,100000.000000
91690,1758645237093,sell,1.000400,5820.000000
91691,1758645268346,sell,1.000400,11638.000000
91692,1758645287581,buy,1.000500,300000.000000
91693,1758645296943,sell,1.000400,300000.000000
91694,1758645304672,sell,1.000400,274276.000000
91695,1758645312074,buy,1.000400,25724.000000
91696,1758645327760,buy,1.000500,126959.000000
91697,1758645331853,sell,1.000500,22.000000
91698,1758645340355,sell,1.000500,3645.000000
91699,1758645359639,sell,1.000500,4121.000000
91700,1758645367666,sell,1.000500,2377.000000
91701,1758645372143,sell,1.000500,4755.000000
91702,1758645374955,sell,1.000500,4913.000000
91703,1758645378435,sell,1.000500,4913.000000
91704,1758645381316,sell,1.000500,4596.000000
91705,1758645383576,sell,1.000500,5151.000000
91706,1758645386179,sell,1.000500,5151.000000
91707,1758645389287,sell,1.000500,6102.000000
91708,1758645393330,sell,1.000500,6023.000000
91709,1758645396406,sell,1.000500,7132.000000
91710,1758645399451,sell,1.000500,6498.000000
91711,1758645418906,sell,1.000500,4755.000000
91712,1758645421838,sell,1.000500,4913.000000
91713,1758645427979,sell,1.000500,4992.000000
91714,1758645448229,sell,1.000500,5072.000000
91715,1758645454180,sell,1.000500,5547.000000
91716,1758645460916,sell,1.000500,5468.000000
91717,1758645485799,sell,1.000500,77723.000000
91718,1758645492139,buy,1.000500,309673.000000
91719,1758645500375,buy,1.000500,300000.000000
91720,1758645509615,sell,1.000400,300000.000000
91721,1758645515337,sell,1.000400,300000.000000
91722,1758645515430,buy,1.000500,100000.000000
91723,1758645522669,buy,1.000500,300000.000000
91724,1758645532735,sell,1.000400,100000.000000
91725,1758645534405,buy,1.000500,300000.000000
91726,1758645537106,buy,1.000500,100000.000000
91727,1758645540353,sell,1.000400,300000.000000
91728,1758645544030,sell,1.000400,100000.000000
91729,1758645547808,sell,1.000400,300000.000000
91730,1758645548030,buy,1.000500,100000.000000
91731,1758645551159,buy,1.000500,100000.000000
91732,1758645554373,buy,1.000500,300000.000000
91733,1758645557103,sell,1.000400,100000.000000
91734,1758645560016,sell,1.000400,100000.000000
91735,1758645563517,buy,1.000500,300000.000000
91736,1758645564866,buy,1.000500,100000.000000
91737,1758645570737,sell,1.000400,100000.000000
91738,1758645572659,buy,1.000500,100000.000000
91739,1758645578069,buy,1.000500,100000.000000
91740,1758645583569,sell,1.000400,100000.000000
91741,1758645590504,sell,1.000400,300000.000000
91742,1758645593774,buy,1.000500,100000.000000
91743,1758645594935,sell,1.000400,100000.000000
91744,1758645599961,sell,1.000400,100000.000000
91745,1758645606212,buy,1.000500,100000.000000
91746,1758645606564,buy,1.000500,100000.000000
91747,1758645611917,sell,1.000400,100000.000000
91748,1758645616599,sell,1.000400,100000.000000
91749,1758645617412,buy,1.000500,100000.000000
91750,1758645621851,sell,1.000400,100000.000000
91751,1758645626946,buy,1.000500,100000.000000
91752,1758645627591,buy,1.000500,100000.000000
91753,1758645633507,sell,1.000400,100000.000000
91754,1758645638960,buy,1.000500,100000.000000
91755,1758645639189,sell,1.000400,100000.000000
91756,1758645646316,sell,1.000400,100000.000000
91757,1758645647356,buy,1.000500,400000.000000
91758,1758645659447,sell,1.000400,400000.000000
91759,1758645662470,buy,1.000500,100000.000000
91760,1758645666462,sell,1.000400,400000.000000
91761,1758645668240,sell,1.000400,95268.000000
91762,1758645669537,buy,1.000400,4732.000000
91763,1758645670637,buy,1.000500,100000.000000
91764,1758645674881,buy,1.000500,100000.000000
91765,1758645680130,buy,1.000500,9995.000000
91766,1758645681020,sell,1.000400,100000.000000
91767,1758645681758,buy,1.000500,400000.000000
91768,1758645682462,sell,1.000400,100000.000000
91769,1758645686153,buy,1.000500,100000.000000
91770,1758645691714,sell,1.000400,100000.000000
91771,1758645696706,buy,1.000500,100000.000000
91772,1758645697910,buy,1.000500,100000.000000
91773,1758645698126,sell,1.000400,9996.000000
91774,1758645701107,sell,1.000400,100000.000000
91775,1758645707225,buy,1.000500,400000.000000
91776,1758645708592,sell,1.000400,100000.000000
91777,1758645712571,buy,1.000500,100000.000000
91778,1758645714244,buy,1.000500,10000.000000
91779,1758645718435,sell,1.000400,100000.000000
91780,1758645721502,sell,1.000400,10000.000000
91781,1758645723648,buy,1.000500,100000.000000
91782,1758645725487,sell,1.000400,400000.000000
91783,1758645731191,sell,1.000400,100000.000000
91784,1758645738074,sell,1.000400,20000.000000
91785,1758645746875,sell,1.000400,400000.000000
91786,1758645753498,sell,1.000400,10000.000000
91787,1758645756850,buy,1.000500,400000.000000
91788,1758645761518,sell,1.000400,10000.000000
91789,1758645767100,buy,1.000500,200000.000000
91790,1758645777654,sell,1.000400,200000.000000
91791,1758645780371,buy,1.000500,20000.000000
91792,1758645817587,sell,1.000400,30.000000
91793,1758645830652,sell,1.000400,30.000000
91794,1758645849499,buy,1.000500,200000.000000
91795,1758645860202,sell,1.000400,300000.000000
91796,1758645871326,buy,1.000500,200000.000000
91797,1758645876327,buy,1.000500,38.000000
91798,1758645881906,sell,1.000400,200000.000000
91799,1758645890092,buy,1.000500,200000.000000
91800,1758645901955,sell,1.000400,200000.000000
91801,1758645927185,buy,1.000500,200000.000000
91802,1758645938666,buy,1.000500,100000.000000
91803,1758645947624,sell,1.000400,200000.000000
91804,1758645965989,buy,1.000500,1.000000
91805,1758645978486,buy,1.000500,20000.000000
91806,1758645988880,sell,1.000400,20000.000000
91807,1758646031430,buy,1.000500,100000.000000
91808,1758646036934,sell,1.000400,100000.000000
91809,1758646046987,buy,1.000500,100000.000000
91810,1758646075121,sell,1.000400,100000.000000
91811,1758646081556,buy,1.000500,26681.000000
91812,1758646091283,sell,1.000500,73319.000000
91813,1758646091283,sell,1.000400,26681.000000
91814,1758646356946,sell,1.000400,55762.000000
91815,1758646378419,buy,1.000700,5.000000
91816,1758646379285,sell,1.000300,13357.000000
91817,1758646570005,sell,1.000400,1759.000000
91818,1758646570005,sell,1.000200,5149.000000
91819,1758646570005,sell,1.000100,788.000000
91820,1758646751531,buy,1.000400,107297.000000
91821,1758646758173,sell,1.000400,35639.000000
91822,1758646762561,buy,1.000400,192723.000000
91823,1758646841225,buy,1.000400,200000.000000
91824,1758646852174,sell,1.000300,200000.000000
91825,1758646860012,buy,1.000400,200000.000000
91826,1758646872176,sell,1.000300,200000.000000
91827,1758646886998,buy,1.000400,200000.000000
91828,1758646895929,sell,1.000300,100000.000000
91829,1758646897500,sell,1.000300,200000.000000
91830,1758646902267,buy,1.000400,100000.000000
91831,1758646907770,sell,1.000300,100000.000000
91832,1758646914048,buy,1.000400,200000.000000
91833,1758646915625,buy,1.000400,100000.000000
91834,1758646920731,sell,1.000300,100000.000000
91835,1758646927344,sell,1.000300,200000.000000
91836,1758646927711,buy,1.000400,100000.000000
91837,1758646932927,sell,1.000300,100000.000000
91838,1758646938890,buy,1.000400,200000.000000
91839,1758646942198,buy,1.000400,100000.000000
91840,1758646948485,buy,1.000400,2817.000000
91841,1758646952144,sell,1.000300,200000.000000
91842,1758646966224,sell,1.000300,100000.000000
91843,1758646973435,buy,1.000400,200000.000000
91844,1758646984358,sell,1.000300,200000.000000
91845,1758646994024,buy,1.000400,100000.000000
91846,1758647000629,sell,1.000300,100000.000000
91847,1758647056913,buy,1.000400,3064.000000
91848,1758647080623,sell,1.000300,100000.000000
91849,1758647084723,buy,1.000400,3145.000000
91850,1758647103285,buy,1.000400,100000.000000
91851,1758647111200,buy,1.000400,100000.000000
91852,1758647137220,sell,1.000300,105962.000000
91853,1758647142475,buy,1.000400,100000.000000
91854,1758647148707,sell,1.000300,100000.000000
91855,1758647154696,buy,1.000400,100000.000000
91856,1758647154895,buy,1.000400,9996.000000
91857,1758647193821,sell,1.000300,10900.000000
91858,1758647255227,sell,1.000300,100000.000000
91859,1758647280585,sell,1.000300,9932.000000
91860,1758647287107,buy,1.000400,5000.000000
91861,1758647295553,sell,1.000300,5000.000000
91862,1758647301448,sell,1.000300,5000.000000
91863,1758647308117,buy,1.000400,5000.000000
91864,1758647327524,buy,1.000400,5000.000000
91865,1758647338177,sell,1.000300,5000.000000
91866,1758647356422,buy,1.000400,200000.000000
91867,1758647359766,sell,1.000300,6000.000000
91868,1758647367289,buy,1.000400,7000.000000
91869,1758647373683,sell,1.000300,200000.000000
91870,1758647382698,sell,1.000300,6000.000000
91871,1758647383230,buy,1.000400,200000.000000
91872,1758647393077,sell,1.000300,200000.000000
91873,1758647401743,buy,1.000400,200000.000000
91874,1758647411803,sell,1.000300,200000.000000
91875,1758647422618,buy,1.000400,200000.000000
91876,1758647432849,sell,1.000300,200000.000000
91877,1758647439492,buy,1.000400,200000.000000
91878,1758647439951,buy,1.000400,2000.000000
91879,1758647448728,buy,1.000400,200000.000000
91880,1758647454111,sell,1.000300,200000.000000
91881,1758647460044,sell,1.000300,200000.000000
91882,1758647466577,buy,1.000400,200000.000000
91883,1758647474784,sell,1.000300,200000.000000
91884,1758647482339,buy,1.000400,200000.000000
91885,1758647487081,buy,1.000400,3000.000000
91886,1758647488954,sell,1.000300,200000.000000
91887,1758647494118,buy,1.000400,200000.000000
91888,1758647498129,sell,1.000300,30.000000
91889,1758647498473,buy,1.000400,5000.000000
91890,1758647501841,sell,1.000300,200000.000000
91891,1758647504744,sell,1.000300,5000.000000
91892,1758647509023,buy,1.000400,200000.000000
91893,1758647516851,sell,1.000300,200000.000000
91894,1758647516904,buy,1.000400,100.000000
91895,1758647529403,sell,1.000300,100.000000
91896,1758647537650,sell,1.000300,100000.000000
91897,1758647559907,buy,1.000400,100000.000000
91898,1758647652254,sell,1.000300,1250.000000
91899,1758647655375,buy,1.000400,1250.000000
91900,1758647868990,buy,1.000400,9.000000
91901,1758647892080,buy,1.000400,200000.000000
91902,1758647903045,sell,1.000300,200000.000000
91903,1758647910605,buy,1.000400,200000.000000
91904,1758647912157,buy,1.000400,200000.000000
91905,1758647920354,sell,1.000300,200000.000000
91906,1758647921169,sell,1.000300,200000.000000
91907,1758647928142,buy,1.000400,200000.000000
91908,1758647931431,buy,1.000400,200000.000000
91909,1758647934195,sell,1.000300,200000.000000
91910,1758647941233,sell,1.000300,200000.000000
91911,1758647943179,buy,1.000400,200000.000000
91912,1758647944018,sell,1.000300,87.000000
91913,1758647950427,sell,1.000300,200000.000000
91914,1758647960386,buy,1.000400,200000.000000
91915,1758647960974,buy,1.000400,193588.000000
91916,1758647978759,sell,1.000400,6412.000000
91917,1758647978759,sell,1.000300,187176.000000
91918,1758647985534,sell,1.000300,200000.000000
91919,1758647997178,sell,1.000300,6412.000000
91920,1758648000951,buy,1.000400,234.000000
91921,1758648003674,buy,1.000400,200000.000000
91922,1758648019951,buy,1.000400,200000.000000
91923,1758648028657,buy,1.000400,781.000000
91924,1758648029419,sell,1.000300,200000.000000
91925,1758648036094,sell,1.000300,200000.000000
91926,1758648049111,buy,1.000400,200000.000000
91927,1758648063476,sell,1.000300,200000.000000
91928,1758648070058,buy,1.000400,100000.000000
91929,1758648074156,sell,1.000300,9997.000000
91930,1758648078632,sell,1.000300,100000.000000
91931,1758648086376,buy,1.000400,3998.000000
91932,1758648141257,buy,1.000400,58.000000
91933,1758648184952,sell,1.000300,1999.000000
91934,1758648275297,sell,1.000300,781.000000
91935,1758648361574,buy,1.000400,30.000000
91936,1758648368997,buy,1.000400,30.000000
91937,1758648373370,buy,1.000400,30.000000
91938,1758648377448,buy,1.000400,30.000000
91939,1758648393235,buy,1.000400,200000.000000
91940,1758648425685,sell,1.000300,200000.000000
91941,1758648426033,sell,1.000300,120.000000
91942,1758648434207,buy,1.000400,200000.000000
91943,1758648438776,sell,1.000300,200000.000000
91944,1758648447911,buy,1.000400,200000.000000
91945,1758648465827,sell,1.000300,200000.000000
91946,1758648472957,buy,1.000400,200000.000000
91947,1758648477462,sell,1.000300,200000.000000
91948,1758648491919,buy,1.000400,200000.000000
91949,1758648497342,sell,1.000300,200000.000000
91950,1758648513758,sell,1.000300,200000.000000
91951,1758648570409,buy,1.000400,200000.000000
91952,1758648598717,buy,1.000400,1499.000000
91953,1758648733724,sell,1.000300,2999.000000
91954,1758648770091,sell,1.000300,550.000000
91955,1758648822149,buy,1.000400,200000.000000
91956,1758648827490,sell,1.000300,200000.000000
91957,1758648832691,buy,1.000400,200000.000000
91958,1758648839758,sell,1.000300,200000.000000
91959,1758648844792,buy,1.000400,200000.000000
91960,1758648849842,sell,1.000300,200000.000000
91961,1758648854687,buy,1.000400,200000.000000
91962,1758648859342,sell,1.000300,200000.000000
91963,1758648864374,buy,1.000400,200000.000000
91964,1758648868748,sell,1.000300,200000.000000
91965,1758648916984,sell,1.000300,150000.000000
91966,1758648942508,buy,1.000400,200000.000000
91967,1758648947448,buy,1.000400,150000.000000
91968,1758648954614,sell,1.000300,200000.000000
91969,1758648962629,buy,1.000400,200000.000000
91970,1758648972687,sell,1.000300,200000.000000
91971,1758648981435,buy,1.000400,200000.000000
91972,1758648991732,sell,1.000300,200000.000000
91973,1758648999827,buy,1.000400,200000.000000
91974,1758649008952,sell,1.000300,200000.000000
91975,1758649026620,buy,1.000400,200000.000000
91976,1758649035794,sell,1.000300,200000.000000
91977,1758649036979,sell,1.000300,100400.000000
91978,1758649062135,buy,1.000400,200000.000000
91979,1758649076210,sell,1.000300,200000.000000
91980,1758649089200,buy,1.000400,100.000000
91981,1758649098758,sell,1.000300,100.000000
91982,1758649319568,sell,1.000300,300000.000000
91983,1758649329095,buy,1.000400,300000.000000
91984,1758649340895,buy,1.000400,300000.000000
91985,1758649352341,sell,1.000300,300000.000000
91986,1758649360210,sell,1.000300,8000.000000
91987,1758649409598,sell,1.000300,300000.000000
91988,1758649417297,buy,1.000400,300000.000000
91989,1758649423811,buy,1.000400,300000.000000
91990,1758649437880,buy,1.000400,200000.000000
91991,1758649444400,sell,1.000300,200000.000000
91992,1758649452205,buy,1.000400,200000.000000
91993,1758649457794,sell,1.000300,200000.000000
91994,1758649466158,buy,1.000400,200000.000000
91995,1758649472031,sell,1.000300,200000.000000
91996,1758649479197,buy,1.000400,200000.000000
91997,1758649483480,sell,1.000300,200000.000000
91998,1758649488981,buy,1.000400,200000.000000
91999,1758649493915,sell,1.000300,200000.000000
92000,1758649514799,sell,1.000300,100000.000000
92001,1758649535076,sell,1.000300,828.000000
92002,1758649538948,buy,1.000400,300000.000000
92003,1758649545624,buy,1.000400,100000.000000
92004,1758649546297,buy,1.000400,300000.000000
92005,1758649562080,sell,1.000300,300000.000000
92006,1758649572201,buy,1.000400,300000.000000
92007,1758649578565,sell,1.000300,300000.000000
92008,1758649588775,sell,1.000300,300000.000000
92009,1758649594705,sell,1.000300,44246.000000
92010,1758649621057,buy,1.000400,300000.000000
92011,1758649658590,buy,1.000400,200000.000000
92012,1758649670921,buy,1.000400,300000.000000
92013,1758649674181,sell,1.000300,200000.000000
92014,1758649676886,sell,1.000300,300000.000000
92015,1758649682205,buy,1.000400,200000.000000
92016,1758649691940,sell,1.000300,300000.000000
92017,1758649695136,sell,1.000300,200000.000000
92018,1758649697797,buy,1.000400,300000.000000
92019,1758649714200,buy,1.000400,300000.000000
92020,1758649716024,sell,1.000300,9997.000000
92021,1758649724672,sell,1.000300,300000.000000
92022,1758649725719,buy,1.000400,200000.000000
92023,1758649737009,sell,1.000300,200000.000000
92024,1758649737650,sell,1.000300,300000.000000
92025,1758649742680,buy,1.000400,300000.000000
92026,1758649756615,buy,1.000400,200000.000000
92027,1758649765103,buy,1.000400,200000.000000
92028,1758649767518,sell,1.000300,200000.000000
92029,1758649784322,sell,1.000300,200000.000000
92030,1758649785982,buy,1.000400,200100.000000
92031,1758649792375,buy,1.000400,200000.000000
92032,1758649795285,sell,1.000300,200100.000000
92033,1758649797229,sell,1.000300,200000.000000
92034,1758649802813,buy,1.000400,200000.000000
92035,1758649808027,sell,1.000300,200000.000000
92036,1758649814177,buy,1.000400,200000.000000
92037,1758649818271,sell,1.000300,300000.000000
92038,1758649827107,buy,1.000400,300000.000000
92039,1758649830852,sell,1.000300,200000.000000
92040,1758649834844,buy,1.000400,300000.000000
92041,1758649846342,buy,1.000400,200000.000000
92042,1758649848989,sell,1.000300,300000.000000
92043,1758649857046,sell,1.000300,300000.000000
103263,1758649716024,sell,1.000300,9997.000000
103264,1758649724672,sell,1.000300,63858.000000
103265,1758649724672,sell,1.000300,94863.000000
103266,1758649724672,sell,1.000300,133053.000000
103267,1758649724672,sell,1.000300,8226.000000
103268,1758649725719,buy,1.000400,71805.000000
103269,1758649725719,buy,1.000400,98281.000000
103270,1758649725719,buy,1.000400,29914.000000
103271,1758649737009,sell,1.000300,91564.000000
103272,1758649737009,sell,1.000300,5197.000000
103273,1758649737009,sell,1.000300,103239.000000
103274,1758649737650,sell,1.000300,41590.000000
103275,1758649737650,sell,1.000300,144829.000000
103276,1758649737650,sell,1.000300,20000.000000
103277,1758649737650,sell,1.000300,93581.000000
103278,1758649742680,buy,1.000400,90704.000000
103279,1758649742680,buy,1.000400,61857.000000
103280,1758649742680,buy,1.000400,9996.000000
103281,1758649742680,buy,1.000400,44009.000000
103282,1758649742680,buy,1.000400,93434.000000
103283,1758649756615,buy,1.000400,18885.000000
103284,1758649756615,buy,1.000400,86310.000000
103285,1758649756615,buy,1.000400,20000.000000
103286,1758649756615,buy,1.000400,51339.000000
103287,1758649756615,buy,1.000400,23466.000000
103288,1758649765103,buy,1.000400,147292.000000
103289,1758649765103,buy,1.000400,52708.000000
103290,1758649767518,sell,1.000300,28841.000000
103291,1758649767518,sell,1.000300,88152.000000
103292,1758649767518,sell,1.000300,83007.000000
103293,1758649784322,sell,1.000300,64970.000000
103294,1758649784322,sell,1.000300,96868.000000
103295,1758649784322,sell,1.000300,38162.000000
103296,1758649785982,buy,1.000400,68801.000000
103297,1758649785982,buy,1.000400,102067.000000
103298,1758649785982,buy,1.000400,29232.000000
103299,1758649792375,buy,1.000400,33758.000000
103300,1758649792375,buy,1.000400,51875.000000
103301,1758649792375,buy,1.000400,90387.000000
103302,1758649792375,buy,1.000400,23980.000000
103303,1758649795285,sell,1.000300,5971.000000
103304,1758649795285,sell,1.000300,121025.000000
103305,1758649795285,sell,1.000300,73104.000000
103306,1758649797229,sell,1.000300,30372.000000
103307,1758649797229,sell,1.000300,20000.000000
103308,1758649797229,sell,1.000300,115145.000000
103309,1758649797229,sell,1.000300,34483.000000
103310,1758649802813,buy,1.000400,42906.000000
103311,1758649802813,buy,1.000400,20000.000000
103312,1758649802813,buy,1.000400,49495.000000
103313,1758649802813,buy,1.000400,33809.000000
103314,1758649802813,buy,1.000400,53790.000000
103315,1758649808027,sell,1.000300,53027.000000
103316,1758649808027,sell,1.000300,114530.000000
103317,1758649808027,sell,1.000300,32443.000000
103318,1758649814177,buy,1.000400,21505.000000
103319,1758649814177,buy,1.000400,50340.000000
103320,1758649814177,buy,1.000400,87724.000000
103321,1758649814177,buy,1.000400,40431.000000
103322,1758649818271,sell,1.000300,96971.000000
103323,1758649818271,sell,1.000300,121322.000000
103324,1758649818271,sell,1.000300,81707.000000
103325,1758649827107,buy,1.000400,71274.000000
103326,1758649827107,buy,1.000400,89032.000000
103327,1758649827107,buy,1.000400,54946.000000
103328,1758649827107,buy,1.000400,84748.000000
103329,1758649830852,sell,1.000300,36367.000000
103330,1758649830852,sell,1.000300,9997.000000
103331,1758649830852,sell,1.000300,108431.000000
103332,1758649830852,sell,1.000300,20000.000000
103333,1758649830852,sell,1.000300,25205.000000
103334,1758649834844,buy,1.000400,12491.000000
103335,1758649834844,buy,1.000400,200000.000000
103336,1758649834844,buy,1.000400,20000.000000
103337,1758649834844,buy,1.000400,67509.000000
103338,1758649846342,buy,1.000400,88198.000000
103339,1758649846342,buy,1.000400,44089.000000
103340,1758649846342,buy,1.000400,67713.000000
103341,1758649848989,sell,1.000300,81847.000000
103342,1758649848989,sell,1.000300,93189.000000
103343,1758649848989,sell,1.000300,93189.000000
103344,1758649848989,sell,1.000300,31775.000000
103345,1758649857046,sell,1.000300,105115.000000
103346,1758649857046,sell,1.000300,95480.000000
103347,1758649857046,sell,1.000300,79914.000000
103348,1758649857046,sell,1.000300,19491.000000
103349,1758649907406,buy,1.000400,85950.000000
103350,1758649907406,buy,1.000400,114050.000000
103351,1758649907849,buy,1.000400,63254.000000
103352,1758649907849,buy,1.000400,9996.000000
103353,1758649907849,buy,1.000400,70217.000000
103354,1758649907849,buy,1.000400,51262.000000
103355,1758649907849,buy,1.000400,105271.000000
103356,1758649915043,buy,1.000400,4369.000000
103357,1758649915043,buy,1.000400,188661.000000
103358,1758649915043,buy,1.000400,25000.000000
103359,1758649915043,buy,1.000400,81970.000000
103360,1758649915183,sell,1.000300,79424.000000
103361,1758649915183,sell,1.000300,65287.000000
103362,1758649915183,sell,1.000300,55289.000000
92048,1758649926727,sell,1.000300,300000.000000
92049,1758649929159,buy,1.000400,2748.000000
92050,1758649940039,sell,1.000300,300000.000000
92051,1758649946566,buy,1.000400,300000.000000
92052,1758649958668,sell,1.000300,300000.000000
92053,1758649964617,buy,1.000400,300000.000000
92054,1758650097216,buy,1.000400,5.000000
92055,1758650143378,buy,1.000400,200000.000000
92056,1758650157180,sell,1.000300,200000.000000
92057,1758650166223,buy,1.000400,200000.000000
92058,1758650193468,sell,1.000300,200000.000000
92059,1758650204619,buy,1.000400,200000.000000
92060,1758650212426,sell,1.000300,200000.000000
92061,1758650214907,buy,1.000400,200000.000000
92062,1758650218735,buy,1.000400,200000.000000
92063,1758650223362,sell,1.000300,200000.000000
92064,1758650225269,sell,1.000300,200000.000000
92065,1758650235477,buy,1.000400,200000.000000
92066,1758650240583,sell,1.000300,200000.000000
92067,1758650245632,buy,1.000400,200000.000000
92068,1758650248596,buy,1.000400,200000.000000
92069,1758650258387,sell,1.000300,200000.000000
92070,1758650265198,buy,1.000400,100.000000
92071,1758650267519,sell,1.000300,200000.000000
92072,1758650274788,buy,1.000400,200000.000000
92073,1758650284213,sell,1.000300,200000.000000
92074,1758650294834,buy,1.000400,200000.000000
92075,1758650304293,sell,1.000300,200000.000000
92076,1758650317916,buy,1.000400,200000.000000
92077,1758650330474,sell,1.000300,200000.000000
103381,1758649946566,buy,1.000400,150944.000000
103382,1758649946566,buy,1.000400,104796.000000
103383,1758649946566,buy,1.000400,17743.000000
103384,1758649958668,sell,1.000300,91956.000000
103385,1758649958668,sell,1.000300,83462.000000
103386,1758649958668,sell,1.000300,25000.000000
103387,1758649958668,sell,1.000300,61789.000000
103388,1758649958668,sell,1.000300,37793.000000
103389,1758649964617,buy,1.000400,90933.000000
103390,1758649964617,buy,1.000400,109485.000000
103391,1758649964617,buy,1.000400,25000.000000
103392,1758649964617,buy,1.000400,74582.000000
103393,1758650097216,buy,1.000400,5.000000
103394,1758650143378,buy,1.000400,56539.000000
103395,1758650143378,buy,1.000400,116225.000000
103396,1758650143378,buy,1.000400,27236.000000
103397,1758650157180,sell,1.000300,78661.000000
103398,1758650157180,sell,1.000300,87340.000000
103399,1758650157180,sell,1.000300,33999.000000
103400,1758650166223,buy,1.000400,134899.000000
103401,1758650166223,buy,1.000400,65101.000000
103402,1758650193468,sell,1.000300,23659.000000
103403,1758650193468,sell,1.000300,65518.000000
103404,1758650193468,sell,1.000300,110823.000000
103405,1758650204619,buy,1.000400,50284.000000
103406,1758650204619,buy,1.000400,25000.000000
103407,1758650204619,buy,1.000400,100386.000000
103408,1758650204619,buy,1.000400,24330.000000
103409,1758650212426,sell,1.000300,915.000000
103410,1758650212426,sell,1.000300,9997.000000
103411,1758650212426,sell,1.000300,25000.000000
103412,1758650212426,sell,1.000300,66463.000000
103413,1758650212426,sell,1.000300,56554.000000
103414,1758650212426,sell,1.000300,41071.000000
103415,1758650214907,buy,1.000400,46944.000000
103416,1758650214907,buy,1.000400,43625.000000
103417,1758650214907,buy,1.000400,34026.000000
103418,1758650214907,buy,1.000400,25193.000000
103419,1758650214907,buy,1.000400,18642.000000
103420,1758650214907,buy,1.000400,31570.000000
103421,1758650218735,buy,1.000400,41804.000000
103422,1758650218735,buy,1.000400,50299.000000
103423,1758650218735,buy,1.000400,37519.000000
103424,1758650218735,buy,1.000400,22046.000000
103425,1758650218735,buy,1.000400,19549.000000
103426,1758650218735,buy,1.000400,12065.000000
103427,1758650218735,buy,1.000400,16718.000000
103428,1758650223362,sell,1.000300,9073.000000
103429,1758650223362,sell,1.000300,32235.000000
103430,1758650223362,sell,1.000300,27078.000000
103431,1758650223362,sell,1.000300,18104.000000
103432,1758650223362,sell,1.000300,14942.000000
103433,1758650223362,sell,1.000300,59141.000000
103434,1758650223362,sell,1.000300,39427.000000
103435,1758650225269,sell,1.000300,4934.000000
103436,1758650225269,sell,1.000300,86598.000000
103437,1758650225269,sell,1.000300,69012.000000
103438,1758650225269,sell,1.000300,39456.000000
103439,1758650235477,buy,1.000400,45204.000000
103440,1758650235477,buy,1.000400,42308.000000
103441,1758650235477,buy,1.000400,65765.000000
103442,1758650235477,buy,1.000400,46723.000000
103443,1758650240583,sell,1.000300,6689.000000
103444,1758650240583,sell,1.000300,76577.000000
103445,1758650240583,sell,1.000300,116734.000000
103446,1758650245632,buy,1.000400,18595.000000
