id,unix_timestamp_ms,side,price,quantity
22232268,1758713399994,sell,112978.800000,0.002000
22232269,1758713400046,buy,112978.900000,0.003000
22232270,1758713400086,sell,112978.800000,0.014000
22232271,1758713400117,buy,112978.900000,8.010000
22232272,1758713400277,sell,112978.800000,0.327000
22232273,1758713400368,buy,112978.900000,0.028000
22232274,1758713400433,sell,112978.800000,0.002000
22232275,1758713400434,buy,112978.900000,0.004000
22232276,1758713400434,sell,112978.800000,0.888000
22232277,1758713400462,buy,112978.900000,0.028000
22232278,1758713400480,sell,112978.800000,0.004000
22232279,1758713400481,buy,112978.900000,0.104000
22232280,1758713400524,sell,112978.800000,0.008000
22232281,1758713400524,buy,112978.900000,0.008000
22232282,1758713400544,sell,112978.800000,0.001000
22232283,1758713400580,buy,112978.900000,0.002000
22232284,1758713400590,sell,112978.800000,0.073000
22232285,1758713400697,sell,112978.800000,6.459000
22232286,1758713400714,buy,112978.900000,0.016000
22232287,1758713400741,sell,112978.800000,0.051000
22232288,1758713400746,buy,112978.900000,0.035000
22232289,1758713400806,sell,112978.800000,0.022000
22232290,1758713400854,buy,112978.800000,2.276000
22232291,1758713400889,sell,112978.800000,0.108000
22232292,1758713400979,buy,112978.900000,0.037000
22232293,1758713401080,buy,112978.900000,0.010000
22232294,1758713401122,sell,112978.800000,0.010000
22232295,1758713401193,buy,112978.900000,0.115000
22232296,1758713401261,sell,112978.800000,0.008000
22232297,1758713401267,buy,112978.900000,0.004000
22232298,1758713401282,sell,112978.800000,0.008000
22232299,1758713401286,buy,112978.900000,0.008000
22232300,1758713401334,sell,112978.800000,0.008000
22232301,1758713401337,buy,112978.900000,0.016000
22232302,1758713401368,sell,112978.800000,1.004000
22232303,1758713401567,sell,112978.800000,0.973000
22232304,1758713401622,buy,112978.900000,0.013000
22232305,1758713401723,buy,112978.900000,0.088000
22232306,1758713402104,sell,112978.800000,0.220000
22232307,1758713402220,buy,112978.900000,0.098000
22232308,1758713402265,sell,112978.800000,0.003000
22232309,1758713402289,buy,112978.900000,0.004000
22232310,1758713402312,sell,112978.800000,0.270000
22232311,1758713402492,sell,112978.800000,0.038000
22232312,1758713402602,buy,112978.900000,0.002000
22232313,1758713402625,sell,112978.800000,0.285000
22232314,1758713402825,buy,112978.900000,0.010000
22232315,1758713402838,sell,112978.800000,0.005000
22232316,1758713403023,buy,112978.900000,0.003000
22232317,1758713403052,sell,112978.800000,0.089000
22232318,1758713403059,buy,112978.900000,0.057000
22232319,1758713403076,sell,112978.800000,0.014000
22232320,1758713403114,buy,112978.900000,0.061000
22232321,1758713403116,sell,112978.800000,0.001000
22232322,1758713403252,sell,112978.800000,1.683000
22232323,1758713403608,sell,112978.800000,0.002000
22232324,1758713403641,buy,112978.900000,0.002000
22232325,1758713403681,sell,112978.800000,0.001000
22232326,1758713403683,buy,112978.900000,0.013000
22232327,1758713403950,buy,112978.900000,0.002000
22232328,1758713404112,buy,112978.900000,0.063000
22232329,1758713404165,sell,112978.800000,0.209000
22232330,1758713404174,buy,112978.900000,0.010000
22232331,1758713404294,sell,112978.800000,0.515000
22232332,1758713404588,sell,112978.800000,0.003000
22232333,1758713404726,sell,112978.800000,0.577000
22232334,1758713404735,buy,112978.900000,0.718000
22232335,1758713404918,sell,112978.800000,0.100000
22232336,1758713404919,buy,112978.900000,0.032000
22232337,1758713405143,sell,112978.800000,0.456000
22232338,1758713405240,buy,112978.900000,0.442000
22232339,1758713405340,sell,112978.800000,0.032000
22232340,1758713405437,buy,112978.900000,0.081000
22232341,1758713405557,buy,112978.900000,0.010000
22232342,1758713405745,buy,112978.900000,0.155000
22232343,1758713405765,sell,112978.800000,0.009000
22232344,1758713405855,buy,112978.900000,0.009000
22232345,1758713406040,sell,112978.800000,0.021000
22232346,1758713406135,buy,112978.900000,0.010000
22232347,1758713406167,sell,112978.800000,0.002000
22232348,1758713406194,buy,112978.900000,0.028000
22232349,1758713406428,sell,112978.800000,0.042000
22232350,1758713406495,buy,112978.900000,0.003000
22232351,1758713406509,sell,112978.800000,0.048000
22232352,1758713406656,buy,112978.900000,0.371000
22232353,1758713406739,sell,112978.800000,0.692000
22232354,1758713406844,sell,112978.800000,0.258000
22232355,1758713407091,buy,112978.900000,0.357000
22232356,1758713407225,sell,112978.800000,0.014000
22232357,1758713407495,sell,112978.800000,0.002000
22232358,1758713407514,buy,112978.900000,0.370000
22232359,1758713407563,sell,112978.800000,1.413000
22232360,1758713407712,sell,112978.800000,0.204000
22232361,1758713407833,buy,112978.900000,0.002000
22232362,1758713407854,sell,112978.800000,0.003000
22232363,1758713408013,sell,112978.800000,0.209000
22232364,1758713408088,buy,112978.900000,0.005000
22232365,1758713408191,buy,112978.900000,0.015000
22232366,1758713408304,buy,112978.900000,1.190000
22232367,1758713408494,buy,112978.900000,0.013000
22232368,1758713408630,sell,112978.800000,0.217000
22232369,1758713408764,buy,112978.900000,0.815000
22232370,1758713408787,sell,112978.800000,0.409000
22232371,1758713408806,buy,112978.900000,0.068000
22232372,1758713408871,sell,112978.800000,0.003000
22232373,1758713409069,sell,112978.800000,0.025000
22232374,1758713409167,buy,112978.900000,0.217000
22232375,1758713409288,sell,112978.800000,0.011000
22232376,1758713409401,buy,112978.900000,0.802000
22232377,1758713409518,sell,112978.800000,0.010000
22232378,1758713409603,buy,112978.800000,0.369000
22232379,1758713409609,sell,112978.800000,0.300000
22232380,1758713409701,buy,112978.900000,0.086000
22232381,1758713409780,sell,112978.800000,0.300000
22232382,1758713410064,buy,112978.900000,0.012000
22232383,1758713410330,buy,112978.900000,0.016000
22232384,1758713410391,sell,112978.800000,0.209000
22232385,1758713410445,buy,112978.900000,0.029000
22232386,1758713410491,sell,112978.800000,0.002000
22232387,1758713410633,sell,112978.800000,0.694000
22232388,1758713410680,buy,112978.900000,0.061000
22232389,1758713410826,buy,112978.900000,1.418000
22232390,1758713411028,sell,112978.800000,0.032000
22232391,1758713411154,sell,112978.800000,0.002000
22232392,1758713411236,buy,112978.900000,0.002000
22232393,1758713411399,sell,112978.800000,0.478000
22232394,1758713411425,buy,112978.900000,0.005000
22232395,1758713411451,sell,112978.800000,0.100000
22232396,1758713411557,buy,112978.900000,0.002000
22232397,1758713411578,sell,112978.800000,0.002000
22232398,1758713411586,buy,112978.900000,0.042000
22232399,1758713411624,sell,112978.800000,0.016000
22232400,1758713411655,buy,112978.900000,1.112000
22232401,1758713411737,sell,112978.800000,0.301000
22232402,1758713411860,buy,112978.900000,0.986000
22232403,1758713411941,sell,112978.800000,0.017000
22232404,1758713411943,buy,112978.900000,0.064000
22232405,1758713412027,sell,112978.800000,0.052000
22232406,1758713412228,buy,112978.800000,0.330000
22232407,1758713412246,sell,112978.800000,0.209000
22232408,1758713412392,sell,112978.800000,0.002000
22232409,1758713412425,buy,112978.900000,1.273000
22232410,1758713412442,sell,112978.800000,0.159000
22232411,1758713412511,buy,112978.900000,0.990000
22232412,1758713412674,buy,112978.900000,0.022000
22232413,1758713412869,buy,112978.900000,0.543000
22232414,1758713413241,buy,112978.900000,0.152000
22232415,1758713413514,buy,112978.900000,0.010000
22232416,1758713413619,sell,112978.800000,0.003000
22232417,1758713413676,buy,112978.900000,0.104000
22232418,1758713413723,buy,112978.800000,0.425000
22232419,1758713413724,sell,112978.800000,0.011000
22232420,1758713413745,buy,112978.900000,0.002000
22232421,1758713413961,buy,112978.900000,0.064000
22232422,1758713414028,sell,112978.800000,0.010000
22232423,1758713414071,buy,112978.900000,0.002000
22232424,1758713414181,buy,112978.900000,0.008000
22232425,1758713414330,sell,112978.800000,0.068000
22232426,1758713414371,buy,112978.900000,0.055000
22232427,1758713414408,sell,112978.800000,0.003000
22232428,1758713414638,buy,112978.900000,0.010000
22232429,1758713414824,buy,112978.900000,0.045000
22232430,1758713414888,sell,112978.800000,0.885000
22232431,1758713414899,buy,112978.900000,0.064000
22232432,1758713415010,sell,112978.800000,0.016000
22232433,1758713415169,sell,112978.800000,0.209000
22232434,1758713415199,buy,112978.900000,0.086000
22232435,1758713415311,buy,112978.900000,0.004000
22232436,1758713415592,sell,112978.800000,0.005000
22232437,1758713415747,sell,112978.800000,0.165000
22232438,1758713415879,buy,112978.900000,0.004000
22232439,1758713415885,sell,112978.800000,0.638000
22232440,1758713415947,buy,112978.900000,0.003000
22232441,1758713416164,buy,112978.900000,0.003000
22232442,1758713416225,sell,112978.800000,0.014000
22232443,1758713416285,buy,112978.900000,0.048000
22232444,1758713416578,buy,112978.900000,0.010000
22232445,1758713416783,buy,112978.900000,0.228000
22232446,1758713417074,sell,112978.800000,0.209000
22232447,1758713417247,buy,112978.900000,0.012000
22232448,1758713417305,sell,112978.800000,0.018000
22232449,1758713417481,buy,112978.900000,0.003000
22232450,1758713417569,sell,112978.800000,0.802000
22232451,1758713417643,buy,112978.900000,0.002000
22232452,1758713417652,sell,112978.800000,0.032000
22232453,1758713417823,sell,112978.800000,0.003000
22232454,1758713417945,buy,112978.900000,0.284000
22232455,1758713417995,sell,112978.800000,0.016000
22232456,1758713418097,buy,112978.900000,0.065000
22232457,1758713418272,sell,112978.800000,1.179000
22232458,1758713418330,buy,112978.900000,0.002000
22232459,1758713418557,sell,112978.800000,0.219000
22232460,1758713418676,buy,112978.900000,0.029000
22232461,1758713418759,sell,112978.800000,0.026000
22232462,1758713418806,buy,112978.800000,0.899000
22232463,1758713418846,sell,112978.800000,0.026000
22232464,1758713418885,buy,112978.900000,1.167000
22232465,1758713418903,sell,112978.800000,0.084000
22232466,1758713418964,buy,112978.900000,0.066000
22232467,1758713418991,sell,112978.800000,0.027000
22232468,1758713419129,buy,112978.900000,0.674000
22232469,1758713419132,sell,112978.800000,0.105000
22232470,1758713419241,buy,112978.900000,0.018000
22232471,1758713419437,buy,112978.900000,0.265000
22232472,1758713419798,buy,112978.900000,0.077000
22232473,1758713419839,sell,112978.800000,0.300000
22232474,1758713419992,sell,112978.800000,0.044000
22232475,1758713420294,buy,112978.900000,0.006000
22232476,1758713420317,sell,112978.800000,0.010000
22232477,1758713420335,buy,112978.900000,0.219000
22232478,1758713420374,sell,112978.800000,0.020000
22232479,1758713420423,buy,112978.900000,0.020000
22232480,1758713420614,buy,112978.900000,2.549000
22232481,1758713420761,sell,112978.800000,0.013000
22232482,1758713420873,buy,112978.900000,0.154000
22232483,1758713421057,buy,112978.900000,0.044000
22232484,1758713421080,sell,112978.800000,0.023000
22232485,1758713421157,buy,112978.900000,0.001000
22232486,1758713421215,sell,112978.800000,0.002000
22232487,1758713421294,buy,112978.900000,0.115000
22232488,1758713421434,buy,112978.900000,1.234000
22232489,1758713421525,sell,112978.800000,0.003000
22232490,1758713421552,buy,112978.900000,0.002000
22232491,1758713421630,sell,112978.800000,0.694000
22232492,1758713421677,buy,112978.900000,1.128000
22232493,1758713421843,sell,112978.800000,0.055000
22232494,1758713421904,buy,112978.900000,0.016000
22232495,1758713422023,buy,112978.900000,0.188000
22232496,1758713422096,sell,112978.800000,0.011000
22232497,1758713422231,sell,112978.800000,0.179000
22232498,1758713422328,buy,112978.900000,0.010000
22232499,1758713422489,buy,112978.900000,0.001000
22232500,1758713422506,sell,112978.800000,0.034000
22232501,1758713422605,buy,112978.900000,0.016000
22232502,1758713422771,sell,112978.800000,0.018000
22232503,1758713422876,sell,112978.800000,0.152000
22232504,1758713423000,buy,112978.900000,0.002000
22232505,1758713423240,buy,112978.900000,0.002000
22232506,1758713423346,sell,112978.800000,0.002000
22232507,1758713423386,buy,112978.900000,0.060000
22232508,1758713423403,sell,112978.800000,0.314000
22232509,1758713423422,buy,112978.900000,0.021000
22232510,1758713423424,buy,112979.000000,0.060000
22232511,1758713423426,buy,112980.000000,0.247000
22232512,1758713423443,buy,112980.200000,0.046000
22232513,1758713423443,buy,112980.700000,0.044000
22232514,1758713423443,buy,112980.800000,0.004000
22232515,1758713423443,buy,112981.000000,0.032000
22232516,1758713423443,buy,112982.000000,3.267000
22232517,1758713423447,sell,112978.900000,0.088000
22232518,1758713423470,buy,112978.900000,0.010000
22232519,1758713423470,buy,112982.000000,1.990000
22232520,1758713423495,buy,112980.000000,0.010000
22232521,1758713423507,buy,112982.000000,1.912000
22232522,1758713423507,sell,112979.000000,0.001000
22232523,1758713423511,buy,112982.000000,0.560000
22232524,1758713423592,sell,112979.900000,0.001000
22232525,1758713423616,buy,112982.000000,0.066000
22232526,1758713423673,sell,112981.900000,0.004000
22232527,1758713423685,buy,112982.000000,0.414000
22232528,1758713423686,buy,112983.000000,0.001000
22232529,1758713423686,buy,112983.500000,0.005000
22232530,1758713423686,buy,112984.900000,0.100000
22232531,1758713423686,buy,112985.600000,0.013000
22232532,1758713423686,buy,112987.600000,0.004000
22232533,1758713423688,buy,112983.800000,0.426000
22232534,1758713423689,buy,112987.600000,0.006000
22232535,1758713423689,buy,112987.700000,5.104000
22232536,1758713423744,sell,112987.600000,0.300000
22232537,1758713423947,buy,112987.700000,0.004000
22232538,1758713423981,sell,112987.600000,0.209000
22232539,1758713424020,buy,112987.700000,0.538000
22232540,1758713424087,sell,112987.600000,0.014000
22232541,1758713424088,buy,112987.700000,0.018000
22232542,1758713424144,sell,112987.600000,0.158000
22232543,1758713424201,buy,112987.700000,0.011000
22232544,1758713424240,sell,112987.600000,0.210000
22232545,1758713424306,buy,112987.700000,0.179000
22232546,1758713424449,buy,112987.700000,0.014000
22232547,1758713424511,sell,112987.600000,0.003000
22232548,1758713424524,buy,112987.700000,0.180000
22232549,1758713424715,sell,112987.600000,0.051000
22232550,1758713424814,buy,112987.700000,0.040000
22232551,1758713424853,buy,112989.000000,0.003000
22232552,1758713424853,buy,112989.400000,0.001000
22232553,1758713424853,buy,112990.200000,0.005000
22232554,1758713424853,buy,112991.600000,0.001000
22232555,1758713424853,buy,112991.700000,0.002000
22232556,1758713424853,buy,112992.000000,0.214000
22232557,1758713424853,buy,112992.400000,0.067000
22232558,1758713425002,buy,112989.000000,0.010000
22232559,1758713425002,buy,112991.700000,0.001000
22232560,1758713425002,buy,112992.400000,0.010000
22232561,1758713425124,buy,112992.400000,0.003000
22232562,1758713425128,sell,112992.300000,0.188000
22232563,1758713425142,buy,112992.400000,0.004000
22232564,1758713425142,buy,112993.100000,0.004000
22232565,1758713425142,buy,112993.600000,0.003000
22232566,1758713425142,buy,112994.300000,0.295000
22232567,1758713425300,buy,112994.200000,0.017000
22232568,1758713425300,buy,112994.300000,0.193000
22232569,1758713425469,sell,112994.100000,0.002000
22232570,1758713425627,buy,112994.200000,0.022000
22232571,1758713425627,buy,112994.300000,0.196000
22232572,1758713425723,sell,112994.200000,0.465000
22232573,1758713425833,buy,112994.300000,0.002000
22232574,1758713426088,buy,112994.300000,0.010000
22232575,1758713426126,sell,112994.200000,0.209000
22232576,1758713426208,buy,112994.300000,0.069000
22232577,1758713426313,sell,112994.200000,0.018000
22232578,1758713426415,sell,112994.200000,0.832000
22232579,1758713426467,buy,112994.300000,0.010000
22232580,1758713426507,sell,112994.200000,0.203000
22232581,1758713426598,buy,112994.300000,0.014000
22232582,1758713426603,sell,112994.200000,0.036000
22232583,1758713426807,sell,112994.200000,0.012000
22232584,1758713426891,buy,112994.300000,0.003000
22232585,1758713427087,sell,112994.200000,0.223000
22232586,1758713427166,buy,112994.300000,0.785000
22232587,1758713427343,buy,112994.300000,0.018000
22232588,1758713427523,buy,112994.300000,0.001000
22232589,1758713427558,sell,112994.200000,0.003000
22232590,1758713427588,buy,112994.300000,0.277000
22232591,1758713427737,sell,112994.200000,0.004000
22232592,1758713427822,buy,112994.300000,0.065000
22232593,1758713427923,buy,112994.300000,0.002000
22232594,1758713428096,sell,112994.200000,0.010000
22232595,1758713428117,buy,112994.300000,0.001000
22232596,1758713428186,sell,112994.200000,0.019000
22232597,1758713428282,buy,112994.300000,0.002000
22232598,1758713428378,sell,112994.200000,0.015000
22232599,1758713428663,sell,112994.200000,0.010000
22232600,1758713428701,buy,112994.300000,0.001000
22232601,1758713428708,sell,112994.200000,0.363000
22232602,1758713428720,buy,112994.300000,0.144000
22232603,1758713428805,sell,112994.200000,0.124000
22232604,1758713428879,buy,112994.300000,0.010000
22232605,1758713429167,buy,112994.300000,0.068000
22232606,1758713429224,sell,112994.200000,0.209000
22232607,1758713429451,buy,112994.200000,0.527000
22232608,1758713429459,sell,112994.200000,0.010000
22232609,1758713429476,buy,112994.300000,0.150000
22232610,1758713429497,buy,112995.000000,0.002000
22232611,1758713429497,buy,112995.200000,0.012000
22232612,1758713429588,sell,112995.100000,0.002000
22232613,1758713429609,buy,112995.200000,0.002000
22232614,1758713429609,buy,112996.000000,0.066000
22232615,1758713429648,buy,112996.800000,0.003000
22232616,1758713429648,buy,112997.000000,0.027000
22232617,1758713429648,buy,112997.400000,0.261000
22232618,1758713429648,buy,112997.700000,0.070000
22232619,1758713429648,buy,112998.400000,4.020000
22232620,1758713429819,sell,112998.300000,0.001000
22232621,1758713429925,buy,112998.400000,0.002000
22232622,1758713430069,buy,112998.400000,0.063000
22232623,1758713430074,sell,112998.300000,0.014000
22232624,1758713430125,buy,112998.400000,0.055000
22232625,1758713430203,sell,112998.300000,0.016000
22232626,1758713430248,buy,112998.400000,0.048000
22232627,1758713430418,buy,112998.400000,0.014000
22232628,1758713430516,sell,112998.300000,0.012000
22232629,1758713430765,sell,112998.300000,0.002000
22232630,1758713430877,buy,112998.400000,0.037000
22232631,1758713431091,buy,112998.400000,0.170000
22232632,1758713431149,sell,112998.300000,0.001000
22232633,1758713431407,sell,112998.300000,0.010000
22232634,1758713431451,buy,112998.400000,0.063000
22232635,1758713431451,sell,112998.300000,0.502000
22232636,1758713431543,buy,112998.400000,0.012000
22232637,1758713431558,sell,112998.300000,0.003000
22232638,1758713431689,buy,112998.400000,0.026000
22232639,1758713431780,sell,112998.300000,1.054000
22232640,1758713431797,buy,112998.400000,0.021000
22232641,1758713431921,buy,112998.400000,0.013000
22232642,1758713431924,buy,112998.600000,0.010000
22232643,1758713431925,buy,112998.800000,0.002000
22232644,1758713431925,buy,112999.000000,0.001000
22232645,1758713431925,buy,112999.200000,0.037000
22232646,1758713431935,buy,112999.900000,0.002000
22232647,1758713431935,buy,113000.000000,0.137000
22232648,1758713431993,sell,112999.900000,0.239000
22232649,1758713432001,buy,113000.000000,0.133000
22232650,1758713432128,sell,112999.900000,0.500000
22232651,1758713432223,buy,113000.000000,0.420000
22232652,1758713432223,buy,113000.400000,0.466000
22232653,1758713432379,buy,113000.400000,0.047000
22232654,1758713432565,sell,113000.300000,0.012000
22232655,1758713432685,buy,113000.400000,0.002000
22232656,1758713432887,buy,113000.000000,0.100000
22232657,1758713432911,buy,113000.400000,0.003000
22232658,1758713432915,sell,113000.300000,0.010000
22232659,1758713432946,buy,113000.400000,0.020000
22232660,1758713433028,sell,113000.300000,0.015000
22232661,1758713433093,buy,113000.400000,0.065000
22232662,1758713433296,sell,113000.300000,0.002000
22232663,1758713433325,buy,113000.000000,0.003000
22232664,1758713433328,sell,113000.300000,0.022000
22232665,1758713433426,buy,113000.000000,0.003000
22232666,1758713433530,sell,113000.300000,0.088000
22232667,1758713433542,buy,113000.000000,0.010000
22232668,1758713433598,buy,113000.400000,0.029000
22232669,1758713433773,buy,113000.400000,0.002000
22232670,1758713433820,buy,113000.000000,0.002000
22232671,1758713433820,buy,113000.400000,0.017000
22232672,1758713433888,sell,113000.300000,0.033000
22232673,1758713434022,sell,113000.300000,0.209000
22232674,1758713434258,buy,113000.400000,0.046000
22232675,1758713434379,sell,113000.300000,1.195000
22232676,1758713434412,buy,113000.400000,0.442000
22232677,1758713434434,sell,113000.300000,0.001000
22232678,1758713434512,buy,113000.400000,0.018000
22232679,1758713434644,buy,113000.400000,1.081000
22232680,1758713434693,sell,113000.300000,0.003000
22232681,1758713434748,buy,113000.400000,0.061000
22232682,1758713434958,sell,113000.300000,0.773000
22232683,1758713435057,buy,113000.400000,0.737000
22232684,1758713435057,buy,113000.700000,0.088000
22232685,1758713435057,buy,113001.000000,0.002000
22232686,1758713435057,buy,113001.100000,0.368000
22232687,1758713435081,sell,113001.000000,0.016000
22232688,1758713435118,buy,113001.000000,0.117000
22232689,1758713435208,buy,113001.100000,0.001000
22232690,1758713435234,sell,113001.000000,0.001000
22232691,1758713435299,buy,113001.100000,0.028000
22232692,1758713435414,buy,113001.100000,0.018000
22232693,1758713435441,sell,113001.000000,0.010000
22232694,1758713435566,buy,113001.100000,0.068000
22232695,1758713435701,sell,113001.000000,0.373000
22232696,1758713436021,buy,113001.100000,0.066000
22232697,1758713436069,sell,113001.000000,0.015000
22232698,1758713436116,buy,113001.100000,0.013000
22232699,1758713436216,buy,113001.000000,0.165000
22232700,1758713436323,buy,113001.100000,0.030000
22232701,1758713436494,sell,113001.000000,0.003000
22232702,1758713436655,sell,113001.000000,0.077000
22232703,1758713436927,buy,113001.100000,0.003000
22232704,1758713437085,buy,113001.100000,0.014000
22232705,1758713437221,buy,113001.100000,0.018000
22232706,1758713437284,sell,113001.000000,0.439000
22232707,1758713437424,sell,113001.000000,0.165000
22232708,1758713437432,buy,113001.100000,0.001000
22232709,1758713437509,sell,113001.000000,0.249000
22232710,1758713437636,buy,113001.100000,0.123000
22232711,1758713437660,sell,113001.000000,0.222000
22232712,1758713437959,buy,113001.100000,0.002000
22232713,1758713438092,sell,113001.000000,1.055000
22232714,1758713438214,buy,113001.100000,0.045000
22232715,1758713438299,sell,113001.300000,0.002000
22232716,1758713438307,buy,113001.400000,0.003000
22232717,1758713438564,sell,113001.300000,0.073000
22232718,1758713438652,buy,113001.400000,0.033000
22232719,1758713438899,sell,113001.300000,0.014000
22232720,1758713439074,sell,113001.300000,0.014000
22232721,1758713439116,buy,113001.400000,0.068000
22232722,1758713439116,buy,113001.700000,0.150000
22232723,1758713439310,buy,113001.700000,0.001000
22232724,1758713439310,buy,113002.000000,0.001000
22232725,1758713439310,buy,113003.000000,0.013000
22232726,1758713439620,sell,113003.200000,0.010000
22232727,1758713439811,buy,113003.300000,0.010000
22232728,1758713439813,sell,113003.200000,0.226000
22232729,1758713439973,buy,113003.300000,0.060000
22232730,1758713439983,sell,113003.200000,0.002000
22232731,1758713440133,buy,113003.200000,0.469000
22232732,1758713440141,sell,113003.200000,0.015000
22232733,1758713440228,buy,113003.300000,0.004000
22232734,1758713440337,sell,113003.200000,0.010000
22232735,1758713440504,buy,113003.300000,0.002000
22232736,1758713440766,buy,113003.300000,0.017000
22232737,1758713440766,buy,113004.000000,0.001000
22232738,1758713440813,buy,113004.100000,0.011000
22232739,1758713440882,buy,113004.900000,0.009000
22232740,1758713440882,buy,113005.000000,0.001000
22232741,1758713440882,buy,113005.300000,0.041000
22232742,1758713440882,buy,113005.800000,0.016000
22232743,1758713440882,buy,113006.000000,0.001000
22232744,1758713440882,buy,113006.300000,0.020000
22232745,1758713440882,buy,113006.600000,0.008000
22232746,1758713440882,buy,113006.800000,0.011000
22232747,1758713440882,buy,113007.000000,0.001000
22232748,1758713440882,buy,113007.600000,0.001000
22232749,1758713440882,buy,113007.700000,0.002000
22232750,1758713440882,buy,113008.000000,0.001000
22232751,1758713440882,buy,113008.500000,0.013000
22232752,1758713440882,buy,113008.900000,0.001000
22232753,1758713440882,buy,113009.100000,0.593000
22232754,1758713440993,buy,113009.100000,0.053000
22232755,1758713441122,buy,113009.100000,0.041000
22232756,1758713441225,buy,113009.100000,0.072000
22232757,1758713441364,buy,113009.100000,0.026000
22232758,1758713441570,sell,113009.000000,0.012000
22232759,1758713441577,buy,113009.100000,0.053000
22232760,1758713441685,buy,113009.100000,0.028000
22232761,1758713441718,sell,113009.000000,0.309000
22232762,1758713441726,buy,113009.100000,0.063000
22232763,1758713441878,buy,113009.100000,0.002000
22232764,1758713441985,sell,113009.000000,0.013000
22232765,1758713442061,buy,113009.100000,1.060000
22232766,1758713442069,sell,113009.000000,0.045000
22232767,1758713442205,sell,113009.000000,0.022000
22232768,1758713442384,buy,113009.100000,0.027000
22232769,1758713442568,sell,113009.000000,0.347000
22232770,1758713442652,buy,113009.100000,0.010000
22232771,1758713442845,buy,113009.100000,0.065000
22232772,1758713442967,buy,113009.100000,0.065000
22232773,1758713442969,sell,113009.000000,1.206000
22232774,1758713443081,sell,113009.000000,0.100000
22232775,1758713443165,buy,113009.100000,0.200000
22232776,1758713443224,sell,113009.000000,0.003000
22232777,1758713443340,buy,113009.100000,0.013000
22232778,1758713443518,sell,113009.000000,0.010000
22232779,1758713443550,buy,113009.100000,0.010000
22232780,1758713443561,sell,113009.000000,0.158000
22232781,1758713443562,buy,113009.100000,0.003000
22232782,1758713443785,sell,113009.000000,0.002000
22232783,1758713443837,buy,113009.100000,1.205000
22232784,1758713443840,sell,113009.000000,0.412000
22232785,1758713443902,buy,113009.100000,0.313000
22232786,1758713443927,sell,113009.000000,0.003000
22232787,1758713444089,sell,113009.000000,0.209000
22232788,1758713444122,buy,113009.100000,0.005000
22232789,1758713444264,buy,113009.100000,0.003000
22232790,1758713444392,sell,113009.000000,0.012000
22232791,1758713444531,buy,113009.100000,0.002000
22232792,1758713444578,sell,113009.000000,0.002000
22232793,1758713444621,buy,113009.100000,0.068000
22232794,1758713444721,sell,113009.900000,0.004000
22232795,1758713444864,sell,113009.900000,0.712000
22232796,1758713444907,buy,113010.000000,0.100000
22232797,1758713445008,buy,113010.000000,0.020000
22232798,1758713445085,sell,113009.900000,0.016000
22232799,1758713445125,buy,113010.000000,0.004000
22232800,1758713445225,buy,113009.900000,0.240000
22232801,1758713445419,buy,113010.000000,0.055000
22232802,1758713445484,sell,113009.900000,0.002000
22232803,1758713445554,buy,113010.000000,0.179000
22232804,1758713445738,sell,113009.900000,0.010000
22232805,1758713445814,buy,113010.000000,0.061000
22232806,1758713446085,buy,113010.000000,0.043000
22232807,1758713446398,sell,113009.900000,0.100000
22232808,1758713446502,sell,113009.900000,1.068000
22232809,1758713446627,sell,113009.900000,0.012000
22232810,1758713446773,sell,113009.900000,0.123000
22232811,1758713446790,buy,113010.000000,0.002000
22232812,1758713446821,sell,113009.900000,0.011000
22232813,1758713447124,sell,113009.900000,0.741000
22232814,1758713447583,sell,113009.900000,0.212000
22232815,1758713447707,sell,113009.900000,0.002000
22232816,1758713447725,buy,113010.000000,0.165000
22232817,1758713447818,sell,113009.900000,0.011000
22232818,1758713447916,buy,113010.000000,0.003000
22232819,1758713447947,sell,113009.900000,0.054000
22232820,1758713448047,buy,113010.000000,0.002000
22232821,1758713448072,sell,113009.900000,0.014000
22232822,1758713448099,buy,113010.000000,0.337000
22232823,1758713448352,sell,113009.900000,0.032000
22232824,1758713448436,buy,113010.000000,0.002000
22232825,1758713448689,sell,113009.900000,0.001000
22232826,1758713448817,sell,113009.900000,0.209000
22232827,1758713448992,buy,113010.000000,0.011000
22232828,1758713449044,sell,113009.900000,0.001000
22232829,1758713449052,buy,113010.000000,0.002000
22232830,1758713449216,sell,113009.900000,0.014000
22232831,1758713449317,buy,113010.000000,0.003000
22232832,1758713449415,sell,113009.900000,0.022000
22232833,1758713449428,buy,113009.900000,0.677000
22232834,1758713449495,buy,113010.000000,0.113000
22232835,1758713449523,sell,113009.900000,0.002000
22232836,1758713449622,buy,113010.000000,0.158000
22232837,1758713449634,sell,113009.900000,0.103000
22232838,1758713449795,buy,113010.000000,0.062000
22232839,1758713450036,sell,113009.900000,0.027000
22232840,1758713450255,buy,113010.000000,0.012000
22232841,1758713450329,sell,113009.900000,0.002000
22232842,1758713450367,buy,113010.000000,0.046000
22232843,1758713450584,buy,113010.000000,0.090000
22232844,1758713450644,sell,113009.900000,0.001000
22232845,1758713450903,sell,113009.900000,0.209000
22232846,1758713450976,buy,113010.000000,0.001000
22232847,1758713451070,sell,113009.900000,0.014000
22232848,1758713451273,sell,113009.900000,0.012000
22232849,1758713451329,buy,113010.000000,0.089000
22232850,1758713451590,buy,113009.900000,0.304000
22232851,1758713451658,sell,113009.900000,0.011000
22232852,1758713451693,buy,113010.000000,0.069000
22232853,1758713451793,sell,113009.900000,0.006000
22232854,1758713451841,buy,113010.000000,0.007000
22232855,1758713451979,sell,113009.900000,0.010000
22232856,1758713452104,sell,113009.900000,0.096000
22232857,1758713452131,buy,113010.000000,0.018000
22232858,1758713452163,sell,113009.900000,0.653000
22232859,1758713452171,buy,113010.000000,0.003000
22232860,1758713452293,buy,113010.000000,0.177000
22232861,1758713452442,buy,113010.000000,0.113000
22232862,1758713452552,sell,113009.900000,0.209000
22232863,1758713452622,buy,113010.000000,0.065000
22232864,1758713452629,sell,113009.900000,1.096000
22232865,1758713452712,buy,113010.000000,0.002000
22232866,1758713452713,sell,113009.900000,1.902000
22232867,1758713452906,sell,113009.900000,1.491000
22232868,1758713452973,buy,113010.000000,0.002000
22232869,1758713453000,sell,113009.900000,0.177000
22232870,1758713453144,sell,113009.900000,0.093000
22232871,1758713453254,buy,113010.000000,0.034000
22232872,1758713453314,sell,113009.900000,0.012000
22232873,1758713453353,buy,113010.000000,0.008000
22232874,1758713453383,buy,113009.900000,0.854000
22232875,1758713453465,sell,113009.900000,0.475000
22232876,1758713453569,sell,113009.900000,1.396000
22232877,1758713453677,sell,113009.900000,2.904000
22232878,1758713453779,sell,113009.900000,0.432000
22232879,1758713453909,sell,113009.900000,0.062000
22232880,1758713453961,buy,113010.000000,0.203000
22232881,1758713454025,sell,113009.900000,0.136000
22232882,1758713454092,buy,113010.000000,0.012000
22232883,1758713454223,buy,113010.000000,0.065000
22232884,1758713454248,sell,113009.900000,0.095000
22232885,1758713454297,buy,113010.000000,0.002000
22232886,1758713454345,sell,113009.900000,0.045000
22232887,1758713454674,buy,113010.000000,0.146000
22232888,1758713454762,sell,113009.900000,0.018000
22232889,1758713454764,buy,113010.000000,0.196000
22232890,1758713454765,sell,113009.900000,0.209000
22232891,1758713454774,buy,113010.000000,0.687000
22232892,1758713454871,sell,113009.900000,0.281000
22232893,1758713455013,sell,113009.900000,0.003000
22232894,1758713455018,buy,113010.000000,0.011000
22232895,1758713455182,buy,113010.000000,0.130000
22232896,1758713455290,sell,113009.900000,0.127000
22232897,1758713455317,buy,113010.000000,0.022000
22232898,1758713455320,sell,113009.900000,0.001000
22232899,1758713455450,buy,113010.000000,0.001000
22232900,1758713455461,sell,113009.900000,0.004000
22232901,1758713455512,buy,113010.000000,0.002000
22232902,1758713455524,sell,113009.900000,0.714000
22232903,1758713455635,buy,113010.000000,0.001000
22232904,1758713455649,sell,113009.900000,0.300000
22232905,1758713455690,buy,113010.000000,0.002000
22232906,1758713455721,sell,113009.900000,0.018000
22232907,1758713455851,buy,113010.000000,0.003000
22232908,1758713455928,sell,113009.900000,0.964000
22232909,1758713456030,sell,113009.900000,0.013000
22232910,1758713456050,buy,113010.000000,0.010000
22232911,1758713456071,sell,113009.900000,1.211000
22232912,1758713456071,buy,113010.000000,0.066000
22232913,1758713456174,buy,113010.000000,0.100000
22232914,1758713456285,buy,113010.000000,1.335000
22232915,1758713456468,sell,113009.900000,0.021000
22232916,1758713456768,sell,113009.900000,0.058000
22232917,1758713456877,buy,113010.000000,0.002000
22232918,1758713457062,sell,113009.900000,0.160000
22232919,1758713457087,buy,113010.000000,0.015000
22232920,1758713457140,sell,113009.900000,0.232000
22232921,1758713457219,buy,113010.000000,0.070000
22232922,1758713457472,sell,113009.900000,0.227000
22232923,1758713457851,buy,113009.900000,0.612000
22232924,1758713457991,buy,113010.000000,0.012000
22232925,1758713457994,sell,113009.900000,0.165000
22232926,1758713458109,sell,113009.900000,0.015000
22232927,1758713458158,buy,113010.000000,0.132000
22232928,1758713458309,sell,113009.900000,0.078000
22232929,1758713458338,buy,113010.000000,0.118000
22232930,1758713458397,sell,113009.900000,0.165000
22232931,1758713458586,sell,113009.900000,0.035000
22232932,1758713458633,buy,113010.000000,0.004000
22232933,1758713458849,sell,113009.900000,0.002000
22232934,1758713458861,buy,113010.000000,0.002000
22232935,1758713458911,sell,113009.900000,0.063000
22232936,1758713459112,sell,113009.900000,0.018000
22232937,1758713459132,buy,113010.000000,0.020000
22232938,1758713459449,sell,113009.900000,0.209000
22232939,1758713459553,sell,113009.900000,0.003000
22232940,1758713459705,sell,113009.900000,0.003000
22232941,1758713459733,buy,113010.000000,0.110000
22232942,1758713459798,sell,113009.900000,0.002000
22232943,1758713459853,buy,113010.000000,0.107000
22232944,1758713459866,sell,113009.900000,0.405000
22232945,1758713459937,buy,113010.000000,0.010000
22232946,1758713460050,buy,113010.000000,0.003000
22232947,1758713460076,sell,113009.900000,0.029000
22232948,1758713460158,buy,113010.000000,0.204000
22232949,1758713460214,sell,113009.900000,0.314000
22232950,1758713460315,sell,113009.900000,0.097000
22232951,1758713460434,buy,113010.000000,0.069000
22232952,1758713460583,buy,113010.000000,0.002000
22232953,1758713460605,sell,113009.900000,4.335000
22232954,1758713460765,sell,113009.900000,0.031000
22232955,1758713460918,sell,113009.900000,0.689000
22232956,1758713461087,buy,113010.000000,0.019000
22232957,1758713461251,buy,113010.000000,0.024000
22232958,1758713461331,sell,113009.900000,0.100000
22232959,1758713461348,buy,113010.000000,0.002000
22232960,1758713461423,sell,113009.900000,0.005000
22232961,1758713461536,sell,113009.900000,0.018000
22232962,1758713461549,buy,113010.000000,0.015000
22232963,1758713461639,sell,113009.900000,1.605000
22232964,1758713461763,buy,113010.000000,0.002000
22232965,1758713461905,sell,113009.900000,0.008000
22232966,1758713461946,buy,113010.000000,0.176000
22232967,1758713461949,sell,113009.900000,0.009000
22232968,1758713462006,buy,113010.000000,1.632000
22232969,1758713462065,sell,113009.900000,0.018000
22232970,1758713462209,sell,113009.900000,0.041000
22232971,1758713462266,buy,113010.000000,0.567000
22232972,1758713462500,sell,113009.900000,0.044000
22232973,1758713462591,buy,113010.000000,0.066000
22232974,1758713462815,sell,113009.900000,0.590000
22232975,1758713462903,buy,113010.000000,0.002000
22232976,1758713462983,sell,113009.900000,0.200000
22232977,1758713463137,sell,113009.900000,0.018000
22232978,1758713463241,sell,113009.900000,0.002000
22232979,1758713463302,buy,113010.000000,0.100000
22232980,1758713463372,sell,113009.900000,0.009000
22232981,1758713463488,buy,113010.000000,0.013000
22232982,1758713463627,buy,113010.000000,0.078000
22232983,1758713463643,sell,113009.900000,0.229000
22232984,1758713463780,buy,113010.000000,0.502000
22232985,1758713463983,buy,113010.000000,0.012000
22232986,1758713464171,buy,113010.000000,0.166000
22232987,1758713464262,sell,113009.900000,0.018000
22232988,1758713464460,sell,113009.900000,0.145000
22232989,1758713464506,buy,113010.000000,0.002000
22232990,1758713464510,sell,113009.900000,0.013000
22232991,1758713464632,buy,113009.900000,1.352000
22232992,1758713464869,sell,113009.900000,0.022000
22232993,1758713465112,sell,113009.900000,0.100000
22232994,1758713465372,buy,113010.000000,0.064000
22232995,1758713465563,sell,113009.900000,0.122000
22232996,1758713465767,sell,113009.900000,0.230000
22232997,1758713465925,buy,113010.000000,0.026000
22232998,1758713466089,sell,113009.900000,0.014000
22232999,1758713466318,sell,113009.900000,0.002000
22233000,1758713466556,buy,113010.000000,0.022000
22233001,1758713466591,sell,113009.900000,0.011000
22233002,1758713466603,buy,113010.000000,0.102000
22233003,1758713466744,buy,113010.000000,0.147000
22233004,1758713466840,sell,113009.900000,0.437000
22233005,1758713466865,buy,113010.000000,0.002000
22233006,1758713466972,sell,113009.900000,1.161000
22233007,1758713466981,buy,113010.000000,0.061000
22233008,1758713467011,sell,113009.900000,0.034000
22233009,1758713467076,buy,113010.000000,0.396000
22233010,1758713467125,sell,113009.900000,0.305000
22233011,1758713467332,sell,113009.900000,0.297000
22233012,1758713467438,buy,113010.000000,0.010000
22233013,1758713467596,sell,113009.900000,0.010000
22233014,1758713467767,sell,113009.900000,0.018000
22233015,1758713467824,buy,113010.000000,1.647000
22233016,1758713467863,sell,113009.900000,0.931000
22233017,1758713468004,sell,113009.900000,1.182000
22233018,1758713468014,buy,113010.000000,0.021000
22233019,1758713468170,buy,113010.000000,0.065000
22233020,1758713468629,sell,113009.900000,0.020000
22233021,1758713468664,buy,113010.000000,0.929000
22233022,1758713468864,buy,113010.000000,0.035000
22233023,1758713468864,sell,113009.900000,0.035000
22233024,1758713468967,buy,113010.000000,0.002000
22233025,1758713469084,sell,113009.900000,0.035000
22233026,1758713469102,buy,113010.000000,0.003000
22233027,1758713469327,sell,113009.900000,0.010000
22233028,1758713469438,sell,113009.900000,0.212000
22233029,1758713469490,buy,113010.000000,0.002000
22233030,1758713469494,sell,113009.900000,0.155000
22233031,1758713469585,buy,113010.000000,1.182000
22233032,1758713469631,sell,113009.900000,0.005000
22233033,1758713469753,sell,113009.900000,0.020000
22233034,1758713469917,sell,113009.900000,0.035000
22233035,1758713469929,buy,113010.000000,0.112000
22233036,1758713469963,buy,113009.900000,0.857000
22233037,1758713469969,buy,113010.000000,0.003000
22233038,1758713470107,buy,113010.000000,0.412000
22233039,1758713470246,buy,113010.000000,0.010000
22233040,1758713470354,buy,113010.000000,0.401000
22233041,1758713470500,sell,113009.900000,0.003000
22233042,1758713470549,buy,113010.000000,0.416000
22233043,1758713470826,sell,113009.900000,0.025000
22233044,1758713470911,buy,113010.000000,0.098000
22233045,1758713470965,sell,113009.900000,0.002000
22233046,1758713471208,buy,113010.000000,0.004000
22233047,1758713471237,sell,113009.900000,0.145000
22233048,1758713471499,buy,113010.000000,0.040000
22233049,1758713471693,buy,113010.000000,0.002000
22233050,1758713471772,sell,113009.900000,0.841000
22233051,1758713472015,sell,113009.900000,0.031000
22233052,1758713472188,buy,113010.000000,0.010000
22233053,1758713472236,sell,113009.900000,0.001000
22233054,1758713472326,buy,113010.000000,0.061000
22233055,1758713472586,sell,113009.900000,0.003000
22233056,1758713472890,buy,113010.000000,0.002000
22233057,1758713472899,buy,113009.900000,0.530000
22233058,1758713472903,buy,113010.000000,0.003000
22233059,1758713473039,buy,113010.000000,0.011000
22233060,1758713473395,buy,113010.000000,0.012000
22233061,1758713473505,sell,113009.900000,0.001000
22233062,1758713473734,sell,113009.900000,0.002000
22233063,1758713473886,sell,113009.900000,0.012000
22233064,1758713473955,buy,113010.000000,0.165000
22233065,1758713474068,sell,113009.900000,0.011000
22233066,1758713474128,buy,113010.000000,0.249000
22233067,1758713474246,sell,113009.900000,0.516000
22233068,1758713474381,sell,113009.900000,0.209000
22233069,1758713474420,buy,113010.000000,0.010000
22233070,1758713474532,buy,113010.000000,0.016000
22233071,1758713474925,buy,113010.000000,0.328000
22233072,1758713475088,buy,113010.000000,0.014000
22233073,1758713475097,sell,113009.900000,0.016000
22233074,1758713475344,buy,113010.000000,0.003000
22233075,1758713475467,buy,113010.000000,0.004000
22233076,1758713475695,sell,113009.900000,0.003000
22233077,1758713476110,sell,113009.900000,0.014000
22233078,1758713476192,buy,113010.000000,0.061000
22233079,1758713476211,sell,113009.900000,1.159000
22233080,1758713476417,sell,113009.900000,1.242000
22233081,1758713476504,buy,113010.000000,0.010000
22233082,1758713476505,sell,113009.900000,0.002000
22233083,1758713476585,buy,113010.000000,0.002000
22233084,1758713476621,sell,113009.900000,0.055000
22233085,1758713476677,buy,113009.900000,0.495000
22233086,1758713476722,buy,113010.000000,0.226000
22233087,1758713476813,sell,113009.900000,0.007000
22233088,1758713476843,buy,113010.000000,1.160000
22233089,1758713476853,sell,113009.900000,1.166000
22233090,1758713477031,sell,113009.900000,0.228000
22233091,1758713477091,buy,113010.000000,0.012000
22233092,1758713477097,sell,113009.900000,0.079000
22233093,1758713477128,buy,113010.000000,0.076000
22233094,1758713477159,sell,113009.900000,0.213000
22233095,1758713477253,buy,113010.000000,0.010000
22233096,1758713477311,sell,113009.900000,0.005000
22233097,1758713477492,buy,113010.000000,0.637000
22233098,1758713477624,buy,113010.000000,1.164000
22233099,1758713477655,sell,113009.900000,0.004000
22233100,1758713477967,buy,113010.000000,0.064000
22233101,1758713478084,sell,113009.900000,0.014000
22233102,1758713478103,buy,113010.000000,0.035000
22233103,1758713478158,sell,113009.900000,1.188000
22233104,1758713478315,buy,113010.000000,0.002000
22233105,1758713478363,sell,113009.900000,0.003000
22233106,1758713478471,buy,113010.000000,0.010000
22233107,1758713478539,sell,113009.900000,0.213000
22233108,1758713478665,sell,113009.900000,0.019000
22233109,1758713478832,sell,113009.900000,0.003000
22233110,1758713478876,buy,113010.000000,0.069000
22233111,1758713478984,sell,113009.900000,0.647000
22233112,1758713479037,buy,113010.000000,0.002000
22233113,1758713479173,buy,113010.000000,0.016000
22233114,1758713479217,sell,113009.900000,0.022000
22233115,1758713479268,buy,113010.000000,0.012000
22233116,1758713479334,sell,113009.900000,0.010000
22233117,1758713479603,buy,113010.000000,0.796000
22233118,1758713479902,buy,113010.000000,0.500000
22233119,1758713480066,buy,113010.000000,0.015000
22233120,1758713480080,sell,113009.900000,0.211000
22233121,1758713480089,buy,113010.000000,0.224000
22233122,1758713480166,sell,113009.900000,0.017000
22233123,1758713480390,sell,113009.900000,0.002000
22233124,1758713480402,buy,113009.900000,0.958000
22233125,1758713480418,buy,113010.000000,0.002000
22233126,1758713480426,sell,113009.900000,0.003000
22233127,1758713480531,sell,113009.900000,0.024000
22233128,1758713480635,buy,113010.000000,0.011000
22233129,1758713480720,sell,113009.900000,0.305000
22233130,1758713480722,buy,113010.000000,0.220000
22233131,1758713480864,buy,113010.000000,0.272000
22233132,1758713480947,sell,113009.900000,0.001000
22233133,1758713481083,sell,113009.900000,0.014000
22233134,1758713481148,buy,113010.000000,0.065000
22233135,1758713481229,sell,113009.900000,0.010000
22233136,1758713481268,buy,113010.000000,0.012000
22233137,1758713481497,buy,113010.000000,0.037000
22233138,1758713481694,sell,113009.900000,0.089000
22233139,1758713481889,sell,113009.900000,0.002000
22233140,1758713482113,buy,113010.000000,0.002000
22233141,1758713482223,buy,113010.000000,0.051000
22233142,1758713482304,sell,113009.900000,0.012000
22233143,1758713482452,buy,113010.000000,0.105000
22233144,1758713482592,buy,113010.000000,0.089000
22233145,1758713482773,buy,113010.000000,0.063000
22233146,1758713482887,buy,113010.000000,0.026000
22233147,1758713482897,sell,113009.900000,0.209000
22233148,1758713482959,buy,113010.000000,0.153000
22233149,1758713482961,sell,113009.900000,0.010000
22233150,1758713483092,sell,113009.900000,0.250000
22233151,1758713483233,sell,113009.900000,0.444000
22233152,1758713483340,buy,113010.000000,0.319000
22233153,1758713483374,buy,113009.900000,1.124000
22233154,1758713483598,buy,113010.000000,0.010000
22233155,1758713483698,sell,113009.900000,0.020000
22233156,1758713484018,sell,113009.900000,0.021000
22233157,1758713484185,buy,113010.000000,0.077000
22233158,1758713484239,sell,113009.900000,0.637000
22233159,1758713484240,buy,113010.000000,0.215000
22233160,1758713484380,buy,113010.000000,0.119000
22233161,1758713484392,sell,113009.900000,0.014000
22233162,1758713484412,buy,113010.000000,0.309000
22233163,1758713484503,sell,113009.900000,0.002000
22233164,1758713484697,sell,113009.900000,0.317000
22233165,1758713484741,buy,113010.000000,0.029000
22233166,1758713484880,buy,113010.000000,0.002000
22233167,1758713484886,sell,113009.900000,0.300000
22233168,1758713484988,buy,113010.000000,0.002000
22233169,1758713485181,buy,113010.000000,0.045000
22233170,1758713485218,sell,113009.900000,0.312000
22233171,1758713485325,sell,113009.900000,4.314000
22233172,1758713485378,sell,113009.800000,0.059000
22233173,1758713485378,sell,113009.400000,0.032000
22233174,1758713485378,sell,113009.300000,0.016000
22233175,1758713485378,sell,113009.100000,0.058000
22233176,1758713485378,sell,113009.000000,0.062000
22233177,1758713485378,sell,113008.800000,0.020000
22233178,1758713485378,sell,113008.600000,0.187000
22233179,1758713485378,sell,113007.000000,0.046000
22233180,1758713485378,sell,113005.000000,0.001000
22233181,1758713485379,sell,113004.800000,0.070000
22233182,1758713485379,sell,113003.200000,0.001000
22233183,1758713485379,sell,113003.000000,0.001000
22233184,1758713485379,sell,113001.000000,0.018000
22233185,1758713485379,sell,113000.000000,0.176000
22233186,1758713485379,sell,112998.600000,8.131000
22233187,1758713485397,buy,113010.000000,1.155000
22233188,1758713485413,sell,113009.900000,0.022000
22233189,1758713485415,buy,113010.000000,0.012000
22233190,1758713485437,sell,113009.900000,0.019000
22233191,1758713485446,sell,113000.000000,0.035000
22233192,1758713485457,buy,113001.100000,0.002000
22233193,1758713485473,sell,113000.900000,0.209000
22233194,1758713485557,sell,112999.100000,0.545000
22233195,1758713485620,buy,112998.800000,0.174000
22233196,1758713485678,sell,112998.700000,0.011000
22233197,1758713485678,sell,112998.600000,5.977000
22233198,1758713485748,buy,112998.800000,0.300000
22233199,1758713485751,sell,113000.000000,0.215000
22233200,1758713485751,sell,112998.700000,0.009000
22233201,1758713485751,sell,112998.600000,0.439000
22233202,1758713485802,sell,112994.200000,0.002000
22233203,1758713485806,sell,112998.600000,0.002000
22233204,1758713485869,sell,112994.200000,0.003000
22233205,1758713485952,sell,112998.600000,0.009000
22233206,1758713485952,sell,112994.300000,0.009000
22233207,1758713485952,sell,112994.200000,0.244000
22233208,1758713485952,sell,112994.100000,0.893000
22233209,1758713486019,buy,112993.300000,0.102000
22233210,1758713486192,sell,112991.200000,0.005000
22233211,1758713486192,sell,112990.100000,0.189000
22233212,1758713486196,buy,112993.200000,0.064000
22233213,1758713486239,sell,112993.100000,0.044000
22233214,1758713486456,sell,112993.100000,0.012000
22233215,1758713486623,sell,112993.100000,0.855000
22233216,1758713486730,sell,112993.100000,0.003000
22233217,1758713486899,sell,112993.100000,0.001000
22233218,1758713486956,buy,112993.200000,0.013000
22233219,1758713487073,sell,112993.100000,0.411000
22233220,1758713487193,sell,112993.100000,0.020000
22233221,1758713487285,buy,112993.200000,0.067000
22233222,1758713487293,sell,112993.100000,0.023000
22233223,1758713487349,buy,112993.200000,0.160000
22233224,1758713487410,sell,112993.100000,0.010000
22233225,1758713487447,buy,112993.200000,0.040000
22233226,1758713487520,sell,112993.100000,0.010000
22233227,1758713487612,buy,112993.200000,0.160000
22233228,1758713487776,sell,112993.100000,0.014000
22233229,1758713487877,buy,112993.200000,0.160000
22233230,1758713487894,sell,112993.100000,0.001000
22233231,1758713487937,buy,112993.200000,0.016000
22233232,1758713487943,buy,112993.100000,1.105000
22233233,1758713488097,buy,112993.200000,0.438000
22233234,1758713488254,buy,112993.200000,0.010000
22233235,1758713488263,sell,112993.100000,0.001000
22233236,1758713488285,buy,112993.200000,0.002000
22233237,1758713488291,sell,112993.100000,1.000000
22233238,1758713488393,sell,112993.100000,0.002000
22233239,1758713488403,buy,112993.200000,0.171000
22233240,1758713488621,buy,112993.200000,0.002000
22233241,1758713488622,sell,112993.100000,0.002000
22233242,1758713488695,buy,112993.200000,0.005000
22233243,1758713488737,sell,112993.100000,0.003000
22233244,1758713488892,buy,112993.200000,0.058000
22233245,1758713489003,buy,112993.200000,0.003000
22233246,1758713489011,sell,112993.100000,0.016000
22233247,1758713489013,buy,112993.200000,0.643000
22233248,1758713489192,buy,112993.200000,0.001000
22233249,1758713489223,sell,112993.100000,0.012000
22233250,1758713489343,sell,112993.100000,0.003000
22233251,1758713489371,buy,112993.200000,0.126000
22233252,1758713489399,sell,112993.100000,0.728000
22233253,1758713489505,buy,112993.200000,0.072000
22233254,1758713489709,sell,112993.100000,0.002000
22233255,1758713489821,buy,112993.200000,0.002000
22233256,1758713490054,sell,112993.100000,0.016000
22233257,1758713490103,buy,112993.200000,0.062000
22233258,1758713490239,sell,112993.100000,0.129000
22233259,1758713490264,buy,112993.200000,0.442000
22233260,1758713490372,sell,112993.100000,0.600000
22233261,1758713490398,buy,112993.200000,0.014000
22233262,1758713490421,sell,112993.100000,0.118000
22233263,1758713490440,buy,112993.200000,0.011000
22233264,1758713490553,sell,112993.100000,1.223000
22233265,1758713490673,sell,112993.100000,1.025000
22233266,1758713490790,buy,112993.200000,0.010000
22233267,1758713490832,sell,112993.100000,0.048000
22233268,1758713490971,sell,112993.100000,1.207000
22233269,1758713491132,buy,112993.200000,0.010000
22233270,1758713491155,sell,112993.100000,0.017000
22233271,1758713491249,buy,112993.200000,1.222000
22233272,1758713491398,sell,112993.100000,0.028000
22233273,1758713491499,sell,112993.100000,0.012000
22233274,1758713491566,buy,112993.200000,0.061000
22233275,1758713491632,sell,112993.100000,0.002000
22233276,1758713491811,sell,112993.100000,0.006000
22233277,1758713492076,buy,112993.200000,0.011000
22233278,1758713492182,sell,112993.100000,1.000000
22233279,1758713492285,buy,112993.200000,0.003000
22233280,1758713492310,sell,112993.100000,0.016000
22233281,1758713492453,sell,112993.100000,0.024000
22233282,1758713492491,buy,112993.200000,0.073000
22233283,1758713492524,sell,112993.100000,0.015000
22233284,1758713492723,buy,112993.200000,1.172000
22233285,1758713492751,sell,112993.100000,0.037000
22233286,1758713492945,buy,112993.200000,0.075000
22233287,1758713493089,sell,112993.100000,0.014000
22233288,1758713493101,buy,112993.200000,0.003000
22233289,1758713493211,sell,112993.100000,0.002000
22233290,1758713493323,sell,112993.100000,1.161000
22233291,1758713493466,sell,112993.100000,0.016000
22233292,1758713493513,buy,112993.200000,0.023000
22233293,1758713493526,sell,112993.100000,0.012000
22233294,1758713493549,buy,112993.200000,0.002000
22233295,1758713493576,sell,112993.100000,0.032000
22233296,1758713493860,buy,112993.100000,1.061000
22233297,1758713493960,buy,112993.200000,0.002000
22233298,1758713494031,sell,112993.100000,0.102000
22233299,1758713494049,buy,112993.200000,0.067000
22233300,1758713494187,sell,112993.100000,0.035000
22233301,1758713494227,buy,112993.200000,0.110000
22233302,1758713494273,sell,112993.100000,0.004000
22233303,1758713494441,buy,112993.200000,0.002000
22233304,1758713494557,buy,112993.200000,1.730000
22233305,1758713494621,sell,112993.100000,0.100000
22233306,1758713494636,buy,112993.200000,0.117000
22233307,1758713494705,sell,112993.100000,0.585000
22233308,1758713494836,buy,112993.200000,0.057000
22233309,1758713494966,buy,112993.200000,0.084000
22233310,1758713495222,sell,112993.100000,0.008000
22233311,1758713495629,sell,112993.100000,0.014000
22233312,1758713495740,sell,112993.100000,0.010000
22233313,1758713495764,buy,112993.200000,0.002000
22233314,1758713495879,buy,112993.200000,0.100000
22233315,1758713495911,sell,112993.100000,1.559000
22233316,1758713496074,sell,112993.100000,0.014000
22233317,1758713496235,buy,112993.200000,0.044000
22233318,1758713496364,buy,112993.200000,0.061000
22233319,1758713496544,sell,112993.100000,0.010000
22233320,1758713496651,sell,112993.100000,0.002000
22233321,1758713496652,buy,112993.200000,0.015000
22233322,1758713496829,sell,112993.100000,0.012000
22233323,1758713496944,buy,112993.200000,0.003000
22233324,1758713497180,buy,112993.200000,0.010000
22233325,1758713497280,sell,112993.100000,0.215000
22233326,1758713497441,buy,112993.200000,0.003000
22233327,1758713497542,buy,112993.200000,0.100000
22233328,1758713497682,sell,112993.100000,0.028000
22233329,1758713497860,sell,112993.100000,0.013000
22233330,1758713497901,buy,112993.200000,0.207000
22233331,1758713498024,buy,112993.100000,0.821000
22233332,1758713498129,sell,112993.100000,0.002000
22233333,1758713498194,buy,112993.200000,1.140000
22233334,1758713498303,buy,112993.200000,0.242000
22233335,1758713498330,sell,112993.100000,0.012000
22233336,1758713498344,buy,112993.200000,0.022000
22233337,1758713498464,buy,112993.200000,0.002000
22233338,1758713498764,buy,112993.200000,0.016000
22233339,1758713498769,sell,112993.100000,1.137000
22233340,1758713498858,buy,112993.200000,0.002000
22233341,1758713499073,sell,112993.100000,0.016000
22233342,1758713499200,sell,112993.100000,0.004000
22233343,1758713499324,buy,112993.200000,0.002000
22233344,1758713499498,buy,112993.200000,0.002000
22233345,1758713499624,buy,112993.200000,0.768000
22233346,1758713499665,sell,112993.100000,0.002000
22233347,1758713499773,sell,112993.100000,0.010000
22233348,1758713499776,buy,112993.200000,0.067000
22233349,1758713499777,sell,112993.100000,0.193000
22233350,1758713499907,sell,112993.100000,0.040000
22233351,1758713499909,buy,112993.200000,0.004000
22233352,1758713500054,buy,112993.100000,1.473000
22233353,1758713500170,sell,112993.100000,0.017000
22233354,1758713500206,buy,112993.200000,0.025000
22233355,1758713500226,sell,112993.100000,0.001000
22233356,1758713500339,sell,112993.100000,0.230000
22233357,1758713500350,buy,112993.200000,0.214000
22233358,1758713500422,sell,112993.100000,0.003000
22233359,1758713500631,buy,112993.200000,0.010000
22233360,1758713500739,buy,112993.200000,0.002000
22233361,1758713500876,buy,112993.200000,0.228000
22233362,1758713501154,sell,112993.100000,0.010000
22233363,1758713501207,buy,112993.200000,0.068000
22233364,1758713501308,sell,112993.100000,1.393000
22233365,1758713501507,sell,112993.100000,0.084000
22233366,1758713501614,sell,112993.100000,0.073000
22233367,1758713501716,sell,112993.100000,0.104000
22233368,1758713501830,sell,112993.100000,0.037000
22233369,1758713501996,buy,112993.200000,0.005000
22233370,1758713502052,sell,112993.100000,0.016000
22233371,1758713502282,sell,112993.100000,0.932000
22233372,1758713502391,buy,112993.200000,0.002000
22233373,1758713502492,sell,112993.100000,0.030000
22233374,1758713502624,buy,112993.200000,0.061000
22233375,1758713502998,buy,112993.200000,0.002000
22233376,1758713503253,sell,112993.100000,0.109000
22233377,1758713503308,buy,112993.200000,0.216000
22233378,1758713503355,sell,112993.100000,0.020000
22233379,1758713503471,buy,112993.200000,0.062000
22233380,1758713503661,sell,112993.100000,0.002000
22233381,1758713503785,buy,112993.200000,0.002000
22233382,1758713503831,buy,112993.100000,1.019000
22233383,1758713503831,buy,112993.200000,0.015000
22233384,1758713503883,sell,112993.100000,0.022000
22233385,1758713504120,sell,112993.100000,0.002000
22233386,1758713504241,sell,112993.100000,0.002000
22233387,1758713504493,sell,112993.100000,0.022000
22233388,1758713504520,buy,112993.200000,0.012000
22233389,1758713504864,buy,112993.200000,1.162000
22233390,1758713504902,sell,112993.100000,0.033000
22233391,1758713505071,sell,112993.100000,0.014000
22233392,1758713505220,sell,112993.100000,0.018000
22233393,1758713505323,sell,112993.100000,1.142000
22233394,1758713505535,buy,112993.200000,0.068000
22233395,1758713505639,sell,112993.100000,0.764000
22233396,1758713505670,buy,112993.200000,0.002000
22233397,1758713505708,sell,112993.100000,0.554000
22233398,1758713505796,buy,112993.200000,0.214000
22233399,1758713505937,sell,112993.100000,0.202000
22233400,1758713506060,sell,112993.100000,0.031000
22233401,1758713506269,sell,112993.100000,0.108000
22233402,1758713506278,buy,112993.200000,0.038000
22233403,1758713506455,buy,112993.200000,0.105000
22233404,1758713506557,buy,112993.200000,0.001000
22233405,1758713506567,sell,112993.100000,0.172000
22233406,1758713506809,sell,112993.100000,0.716000
22233407,1758713507017,buy,112993.200000,0.015000
22233408,1758713507220,buy,112993.200000,0.002000
22233409,1758713507448,buy,112993.200000,0.278000
22233410,1758713507507,sell,112993.100000,0.012000
22233411,1758713507736,sell,112993.100000,0.022000
22233412,1758713507967,buy,112993.200000,0.010000
22233413,1758713508002,sell,112993.100000,0.024000
22233414,1758713508182,buy,112993.200000,0.005000
22233415,1758713508287,buy,112993.200000,0.062000
22233416,1758713508343,sell,112993.100000,0.022000
22233417,1758713508484,sell,112993.100000,0.794000
22233418,1758713508540,buy,112993.200000,0.014000
22233419,1758713508735,buy,112993.200000,0.035000
22233420,1758713508736,sell,112993.100000,2.069000
22233421,1758713508867,sell,112993.100000,0.024000
22233422,1758713509044,sell,112993.100000,1.201000
22233423,1758713509132,buy,112993.200000,0.337000
22233424,1758713509144,sell,112993.100000,0.004000
22233425,1758713509223,buy,112993.200000,0.003000
22233426,1758713509468,buy,112993.200000,0.216000
22233427,1758713509532,sell,112993.100000,0.010000
22233428,1758713509541,buy,112993.200000,0.003000
22233429,1758713509570,sell,112993.100000,0.015000
22233430,1758713509737,buy,112993.200000,1.188000
22233431,1758713510007,buy,112993.200000,0.517000
22233432,1758713510099,sell,112993.100000,0.020000
22233433,1758713510335,sell,112993.100000,0.031000
22233434,1758713510547,buy,112993.200000,0.076000
22233435,1758713510610,buy,112993.100000,1.666000
22233436,1758713510691,buy,112993.200000,0.012000
22233437,1758713511086,sell,112993.100000,0.019000
22233438,1758713511152,buy,112993.200000,0.006000
22233439,1758713511163,sell,112993.100000,2.027000
22233440,1758713511473,sell,112993.100000,0.010000
22233441,1758713511500,buy,112993.200000,0.099000
22233442,1758713511504,sell,112993.100000,0.055000
22233443,1758713511650,sell,112993.100000,0.002000
22233444,1758713511829,sell,112993.100000,0.023000
22233445,1758713511913,buy,112993.200000,0.002000
22233446,1758713512027,buy,112993.200000,0.007000
22233447,1758713512036,sell,112993.100000,0.032000
22233448,1758713512181,buy,112993.200000,0.001000
22233449,1758713512213,sell,112993.100000,0.036000
22233450,1758713512383,buy,112993.200000,0.069000
22233451,1758713512495,sell,112993.100000,0.001000
22233452,1758713512597,sell,112993.100000,0.010000
22233453,1758713512610,buy,112993.200000,0.022000
22233454,1758713512722,sell,112993.100000,0.004000
22233455,1758713512861,sell,112993.100000,0.016000
22233456,1758713512982,buy,112993.200000,0.214000
22233457,1758713513052,sell,112993.100000,0.002000
22233458,1758713513133,buy,112993.200000,0.014000
22233459,1758713513270,buy,112993.200000,0.105000
22233460,1758713513390,buy,112993.200000,0.002000
22233461,1758713513551,sell,112993.100000,0.515000
22233462,1758713513626,buy,112993.200000,0.003000
22233463,1758713513970,sell,112993.100000,0.003000
22233464,1758713514049,buy,112993.200000,0.214000
22233465,1758713514088,sell,112993.100000,0.026000
22233466,1758713514236,buy,112993.200000,0.010000
22233467,1758713514409,sell,112993.100000,0.002000
22233468,1758713514435,buy,112993.200000,0.021000
22233469,1758713514688,sell,112993.100000,0.028000
22233470,1758713514789,buy,112993.200000,0.071000
22233471,1758713514866,sell,112993.100000,0.127000
22233472,1758713515166,buy,112993.200000,0.039000
22233473,1758713515376,buy,112993.200000,0.028000
22233474,1758713515439,sell,112993.100000,0.102000
22233475,1758713515638,buy,112993.200000,0.008000
22233476,1758713515795,buy,112993.200000,0.002000
22233477,1758713515849,sell,112993.100000,0.514000
22233478,1758713515902,buy,112993.200000,0.004000
22233479,1758713516008,sell,112993.100000,0.012000
22233480,1758713516237,buy,112993.200000,0.060000
22233481,1758713516257,sell,112993.100000,0.015000
22233482,1758713516269,buy,112993.200000,0.004000
22233483,1758713516293,sell,112993.100000,1.036000
22233484,1758713516426,sell,112993.100000,0.019000
22233485,1758713516495,buy,112993.200000,0.018000
22233486,1758713516607,sell,112993.100000,1.234000
22233487,1758713516739,buy,112993.200000,0.236000
22233488,1758713516833,sell,112993.100000,0.002000
22233489,1758713516954,sell,112993.100000,0.002000
22233490,1758713517103,buy,112993.200000,0.010000
22233491,1758713517107,sell,112993.100000,0.014000
22233492,1758713517165,buy,112993.200000,0.013000
22233493,1758713517300,buy,112993.200000,1.243000
22233494,1758713517502,sell,112993.100000,0.897000
22233495,1758713517528,sell,112993.000000,0.003000
22233496,1758713517562,buy,112992.100000,0.070000
22233497,1758713517730,buy,112992.100000,0.010000
22233498,1758713517772,sell,112992.000000,0.012000
22233499,1758713517772,sell,112991.800000,0.054000
22233500,1758713518028,sell,112991.800000,0.155000
22233501,1758713518028,sell,112991.000000,0.011000
22233502,1758713518028,sell,112990.300000,0.025000
22233503,1758713518028,sell,112990.000000,0.188000
22233504,1758713518028,sell,112989.400000,1.268000
22233505,1758713518028,buy,112991.900000,0.002000
22233506,1758713518309,buy,112989.100000,0.002000
22233507,1758713518330,sell,112989.000000,0.011000
22233508,1758713518431,buy,112989.100000,0.003000
22233509,1758713518549,buy,112989.100000,0.060000
22233510,1758713518557,sell,112989.000000,0.100000
22233511,1758713518562,buy,112989.100000,0.016000
22233512,1758713518636,sell,112989.000000,0.001000
22233513,1758713518668,buy,112989.100000,0.216000
22233514,1758713518767,sell,112989.000000,0.014000
22233515,1758713519013,buy,112989.000000,0.209000
22233516,1758713519121,buy,112989.100000,0.010000
22233517,1758713519136,sell,112989.000000,0.001000
22233518,1758713519289,sell,112989.000000,0.002000
22233519,1758713519464,buy,112989.100000,0.014000
22233520,1758713519488,sell,112989.000000,0.002000
22233521,1758713519566,buy,112989.100000,0.003000
22233522,1758713519600,sell,112989.000000,0.001000
22233523,1758713519827,buy,112989.100000,0.098000
22233524,1758713519921,sell,112989.000000,0.022000
22233525,1758713519963,buy,112989.100000,0.003000
22233526,1758713519973,sell,112989.000000,0.226000
22233527,1758713520081,buy,112989.100000,0.037000
22233528,1758713520085,sell,112989.000000,0.014000
22233529,1758713520182,buy,112989.100000,0.002000
22233530,1758713520192,sell,112989.000000,0.026000
22233531,1758713520204,buy,112989.000000,0.237000
22233532,1758713520222,buy,112989.100000,0.005000
22233533,1758713520307,sell,112989.000000,0.362000
22233534,1758713520390,buy,112989.100000,0.214000
22233535,1758713520449,sell,112989.000000,0.091000
22233536,1758713520449,sell,112987.600000,0.088000
22233537,1758713520449,sell,112987.000000,0.001000
22233538,1758713520449,sell,112986.100000,0.043000
22233539,1758713520493,sell,112989.000000,0.010000
22233540,1758713520493,sell,112986.100000,0.004000
22233541,1758713520515,buy,112989.100000,0.307000
22233542,1758713520519,sell,112989.000000,0.002000
22233543,1758713520552,buy,112989.100000,0.010000
22233544,1758713520561,sell,112989.000000,0.005000
22233545,1758713520678,sell,112989.000000,0.012000
22233546,1758713520681,sell,112986.100000,0.031000
22233547,1758713520727,sell,112989.000000,0.019000
22233548,1758713520767,sell,112986.100000,0.009000
22233549,1758713520785,buy,112989.100000,0.002000
22233550,1758713520790,buy,112986.200000,0.002000
22233551,1758713520790,buy,112989.100000,0.008000
22233552,1758713520866,buy,112986.200000,0.483000
22233553,1758713520879,sell,112986.100000,0.003000
22233554,1758713520939,sell,112985.600000,0.013000
22233555,1758713520949,sell,112985.100000,0.040000
22233556,1758713521120,sell,112985.100000,0.044000
22233557,1758713521217,buy,112985.200000,0.012000
22233558,1758713521367,sell,112985.100000,0.521000
22233559,1758713521520,buy,112985.200000,0.131000
22233560,1758713521596,sell,112985.100000,0.397000
22233561,1758713521851,sell,112985.100000,0.100000
22233562,1758713521889,buy,112985.200000,0.001000
22233563,1758713522174,sell,112985.100000,0.038000
22233564,1758713522221,buy,112985.200000,0.214000
22233565,1758713522297,sell,112985.100000,0.001000
22233566,1758713522300,buy,112985.200000,0.035000
22233567,1758713522386,sell,112985.100000,0.023000
22233568,1758713522551,sell,112985.100000,0.015000
22233569,1758713522694,buy,112985.200000,0.010000
22233570,1758713522760,sell,112985.100000,0.004000
22233571,1758713522772,buy,112985.200000,0.003000
22233572,1758713523074,buy,112985.200000,0.010000
22233573,1758713523106,sell,112985.100000,0.014000
22233574,1758713523136,buy,112985.200000,0.079000
22233575,1758713523280,buy,112985.200000,0.077000
22233576,1758713523484,sell,112985.100000,0.050000
22233577,1758713523518,buy,112985.200000,0.003000
22233578,1758713523535,sell,112985.100000,0.177000
22233579,1758713523574,buy,112985.200000,0.036000
22233580,1758713523593,sell,112985.100000,0.002000
22233581,1758713523640,buy,112985.200000,0.025000
22233582,1758713523780,buy,112985.200000,0.032000
22233583,1758713523853,sell,112985.100000,0.003000
22233584,1758713523858,buy,112985.100000,0.605000
22233585,1758713523916,buy,112985.200000,0.035000
22233586,1758713524078,buy,112985.200000,0.027000
22233587,1758713524222,buy,112985.200000,0.024000
22233588,1758713524376,buy,112985.200000,0.026000
22233589,1758713524408,sell,112985.100000,0.004000
22233590,1758713524418,buy,112985.200000,0.051000
22233591,1758713524538,buy,112985.200000,1.943000
22233592,1758713524634,sell,112985.100000,0.011000
22233593,1758713524748,buy,112985.200000,0.002000
22233594,1758713524769,sell,112985.100000,0.002000
22233595,1758713524849,buy,112985.200000,0.026000
22233596,1758713524854,sell,112985.100000,0.500000
22233597,1758713524864,buy,112985.200000,0.241000
22233598,1758713525021,buy,112985.200000,1.002000
22233599,1758713525120,sell,112985.100000,0.330000
22233600,1758713525289,buy,112985.200000,0.073000
22233601,1758713525527,sell,112985.100000,0.003000
22233602,1758713525552,buy,112985.200000,0.024000
22233603,1758713525675,sell,112985.100000,0.002000
22233604,1758713525856,sell,112985.100000,0.010000
22233605,1758713526108,sell,112985.100000,0.014000
22233606,1758713526115,buy,112985.200000,0.012000
22233607,1758713526175,sell,112985.100000,0.010000
22233608,1758713526429,buy,112985.200000,0.224000
22233609,1758713526537,sell,112985.100000,0.490000
22233610,1758713526725,sell,112985.100000,0.028000
22233611,1758713526857,sell,112985.100000,0.483000
22233612,1758713526967,sell,112985.100000,0.192000
22233613,1758713527124,sell,112985.100000,0.090000
22233614,1758713527126,buy,112985.200000,0.067000
22233615,1758713527178,sell,112985.100000,0.034000
22233616,1758713527318,buy,112985.200000,0.013000
22233617,1758713527519,sell,112985.100000,0.016000
22233618,1758713527615,buy,112985.200000,0.979000
22233619,1758713527657,sell,112985.100000,0.003000
22233620,1758713527910,sell,112985.100000,0.190000
22233621,1758713528009,buy,112985.200000,0.167000
22233622,1758713528235,sell,112985.100000,0.381000
22233623,1758713528235,buy,112985.200000,0.011000
22233624,1758713528413,sell,112985.100000,0.013000
22233625,1758713528561,buy,112985.200000,0.214000
22233626,1758713528582,sell,112985.100000,0.001000
22233627,1758713528591,buy,112985.200000,0.002000
22233628,1758713528609,sell,112985.100000,0.001000
22233629,1758713528951,buy,112985.200000,0.012000
22233630,1758713529047,sell,112985.100000,0.054000
22233631,1758713529103,buy,112985.200000,0.004000
22233632,1758713529132,buy,112985.100000,0.512000
22233633,1758713529167,buy,112985.200000,0.062000
22233634,1758713529229,sell,112985.100000,0.015000
22233635,1758713529335,sell,112985.100000,0.002000
22233636,1758713529509,buy,112985.200000,0.010000
22233637,1758713529564,sell,112985.100000,0.032000
22233638,1758713529669,buy,112985.200000,0.002000
22233639,1758713529674,sell,112985.100000,0.003000
22233640,1758713529867,sell,112985.100000,0.006000
22233641,1758713530148,buy,112985.200000,0.005000
22233642,1758713530226,sell,112985.100000,0.252000
22233643,1758713530281,buy,112985.200000,0.032000
22233644,1758713530461,buy,112985.200000,0.163000
22233645,1758713530493,sell,112985.100000,0.003000
22233646,1758713530622,sell,112985.100000,0.002000
22233647,1758713530759,buy,112985.200000,0.042000
22233648,1758713530871,buy,112985.200000,0.003000
22233649,1758713531158,sell,112985.100000,0.041000
22233650,1758713531366,buy,112985.200000,0.063000
22233651,1758713531375,sell,112985.100000,1.061000
22233652,1758713531460,buy,112985.200000,0.224000
22233653,1758713531777,sell,112985.100000,1.010000
22233654,1758713531958,buy,112985.200000,0.456000
22233655,1758713531981,sell,112985.100000,0.009000
22233656,1758713532002,buy,112985.200000,0.012000
22233657,1758713532096,sell,112985.100000,0.014000
22233658,1758713532286,buy,112985.200000,0.016000
22233659,1758713532394,buy,112985.200000,0.010000
22233660,1758713532527,buy,112985.200000,0.001000
22233661,1758713532749,sell,112985.100000,0.110000
22233662,1758713532827,buy,112985.200000,0.024000
22233663,1758713532844,sell,112985.100000,0.001000
22233664,1758713532865,buy,112985.200000,0.232000
22233665,1758713533049,sell,112985.100000,2.219000
22233666,1758713533234,sell,112985.100000,0.116000
22233667,1758713533492,buy,112985.200000,0.067000
22233668,1758713533591,sell,112985.100000,0.002000
22233669,1758713533636,buy,112985.200000,1.232000
22233670,1758713533698,sell,112985.100000,0.166000
22233671,1758713533723,buy,112985.200000,0.015000
22233672,1758713533915,sell,112985.100000,0.013000
22233673,1758713534058,buy,112985.200000,0.228000
22233674,1758713534098,sell,112985.100000,0.118000
22233675,1758713534397,buy,112985.100000,0.633000
22233676,1758713534414,sell,112985.100000,0.203000
22233677,1758713534436,buy,112985.200000,0.054000
22233678,1758713534499,sell,112985.100000,0.047000
22233679,1758713534782,buy,112985.200000,0.147000
22233680,1758713534853,sell,112985.100000,0.029000
22233681,1758713534934,buy,112985.200000,0.031000
22233682,1758713534983,sell,112985.100000,0.022000
22233683,1758713535087,sell,112985.100000,0.014000
22233684,1758713535224,buy,112985.200000,1.391000
22233685,1758713535315,sell,112985.100000,0.014000
22233686,1758713535340,buy,112985.200000,0.034000
22233687,1758713535478,buy,112985.200000,0.214000
22233688,1758713535588,buy,112985.200000,0.068000
22233689,1758713535598,sell,112985.100000,0.043000
22233690,1758713535679,buy,112985.200000,0.014000
22233691,1758713535914,buy,112985.200000,0.021000
22233692,1758713536200,buy,112985.200000,0.002000
22233693,1758713536372,sell,112985.100000,0.472000
22233694,1758713536703,sell,112985.100000,0.010000
22233695,1758713536961,buy,112985.200000,1.068000
22233696,1758713537151,buy,112985.100000,0.639000
22233697,1758713537211,sell,112985.100000,0.028000
22233698,1758713537234,buy,112985.200000,0.229000
22233699,1758713537342,sell,112985.100000,0.043000
22233700,1758713537478,buy,112985.200000,0.016000
22233701,1758713537593,sell,112985.100000,0.006000
22233702,1758713537627,buy,112985.200000,0.010000
22233703,1758713538097,sell,112985.100000,0.014000
22233704,1758713538100,buy,112985.200000,0.115000
22233705,1758713538447,buy,112985.200000,0.003000
22233706,1758713538502,sell,112985.100000,0.017000
22233707,1758713538595,buy,112985.200000,0.067000
22233708,1758713538786,sell,112985.100000,0.003000
22233709,1758713539006,sell,112985.100000,1.014000
22233710,1758713539177,buy,112985.200000,0.342000
22233711,1758713539302,buy,112985.200000,0.905000
22233712,1758713539523,buy,112985.200000,0.015000
22233713,1758713539602,sell,112985.100000,0.002000
22233714,1758713539610,buy,112985.200000,0.010000
22233715,1758713539652,sell,112985.100000,0.002000
22233716,1758713539756,sell,112985.100000,0.010000
22233717,1758713539813,buy,112985.200000,0.004000
22233718,1758713539945,buy,112985.200000,0.313000
22233719,1758713540099,buy,112985.200000,0.100000
22233720,1758713540246,sell,112985.100000,1.509000
22233721,1758713540365,buy,112985.200000,0.002000
22233722,1758713540382,sell,112985.100000,0.002000
22233723,1758713540543,sell,112985.100000,0.015000
22233724,1758713540633,buy,112985.200000,0.005000
22233725,1758713540706,sell,112985.100000,0.002000
22233726,1758713540722,buy,112985.200000,0.002000
22233727,1758713540736,sell,112985.100000,0.261000
22233728,1758713541086,sell,112985.100000,0.014000
22233729,1758713541304,buy,112985.200000,0.420000
22233730,1758713541316,sell,112985.100000,0.010000
22233731,1758713541467,buy,112985.200000,0.087000
22233732,1758713541477,sell,112985.100000,0.105000
22233733,1758713541546,buy,112985.100000,0.396000
22233734,1758713541743,buy,112985.200000,0.099000
22233735,1758713541950,buy,112985.200000,0.024000
22233736,1758713542498,buy,112985.200000,0.022000
22233737,1758713542630,buy,112985.200000,0.214000
22233738,1758713542700,buy,112985.100000,0.588000
22233739,1758713542764,sell,112985.100000,0.020000
22233740,1758713542977,sell,112985.100000,0.102000
22233741,1758713543034,buy,112985.200000,0.003000
22233742,1758713543058,sell,112985.100000,0.117000
22233743,1758713543224,buy,112985.200000,0.002000
22233744,1758713543274,sell,112985.100000,0.029000
22233745,1758713543428,buy,112985.200000,0.064000
22233746,1758713543525,sell,112985.100000,0.119000
22233747,1758713543766,sell,112985.100000,0.003000
22233748,1758713543783,buy,112985.200000,0.272000
22233749,1758713544081,sell,112985.100000,0.014000
22233750,1758713544097,buy,112985.200000,0.016000
22233751,1758713544270,sell,112985.100000,0.023000
22233752,1758713544504,sell,112985.100000,0.582000
22233753,1758713544615,buy,112985.200000,0.002000
22233754,1758713544663,sell,112985.100000,0.009000
22233755,1758713544842,buy,112985.200000,0.002000
22233756,1758713545060,sell,112985.100000,0.237000
22233757,1758713545479,buy,112985.200000,0.012000
22233758,1758713545707,buy,112985.200000,0.067000
22233759,1758713545801,sell,112985.100000,0.420000
22233760,1758713545826,buy,112985.200000,0.010000
22233761,1758713545837,sell,112985.100000,0.004000
22233762,1758713545916,buy,112985.200000,0.300000
22233763,1758713545927,sell,112985.100000,0.012000
22233764,1758713546043,sell,112985.100000,0.022000
22233765,1758713546162,buy,112985.200000,0.226000
22233766,1758713546293,buy,112985.200000,0.003000
22233767,1758713546531,buy,112985.200000,0.300000
22233768,1758713546632,sell,112985.100000,0.003000
22233769,1758713546671,buy,112985.200000,0.010000
22233770,1758713546903,buy,112985.200000,0.001000
22233771,1758713547010,sell,112985.100000,0.018000
22233772,1758713547267,buy,112985.200000,0.061000
22233773,1758713547280,sell,112985.100000,0.268000
22233774,1758713547305,buy,112985.100000,0.556000
22233775,1758713547408,sell,112985.100000,0.013000
22233776,1758713547593,sell,112985.100000,0.771000
22233777,1758713547593,sell,112985.000000,0.228000
22233778,1758713547593,sell,112984.700000,0.001000
22233779,1758713547593,sell,112984.600000,0.010000
22233780,1758713547593,sell,112984.300000,0.002000
22233781,1758713547593,sell,112984.200000,0.018000
22233782,1758713547593,sell,112984.100000,0.195000
22233783,1758713547877,buy,112984.200000,0.237000
22233784,1758713548070,sell,112984.100000,0.010000
22233785,1758713548095,buy,112984.200000,0.042000
22233786,1758713548205,sell,112984.100000,0.022000
22233787,1758713548253,buy,112984.200000,0.063000
22233788,1758713548368,buy,112984.200000,0.003000
22233789,1758713548560,buy,112984.200000,0.003000
22233790,1758713548614,sell,112984.100000,0.540000
22233791,1758713548628,buy,112984.200000,0.017000
22233792,1758713548684,sell,112984.100000,0.005000
22233793,1758713548857,sell,112984.100000,0.300000
22233794,1758713548870,buy,112984.200000,0.001000
22233795,1758713549005,sell,112984.100000,0.003000
22233796,1758713549010,buy,112984.200000,0.020000
22233797,1758713549016,sell,112984.100000,0.544000
22233798,1758713549073,buy,112984.200000,0.001000
22233799,1758713549184,sell,112984.100000,0.001000
22233800,1758713549391,buy,112984.200000,0.008000
22233801,1758713550001,buy,112984.200000,0.214000
22233802,1758713550029,sell,112984.100000,0.114000
22233803,1758713550039,buy,112984.200000,0.068000
22233804,1758713550076,sell,112984.100000,0.024000
22233805,1758713550119,buy,112984.200000,0.214000
22233806,1758713550149,sell,112984.100000,0.015000
22233807,1758713550183,buy,112984.200000,0.221000
22233808,1758713550250,sell,112984.100000,0.002000
22233809,1758713550271,buy,112984.200000,0.002000
22233810,1758713550525,sell,112984.100000,0.418000
22233811,1758713550594,buy,112984.200000,0.002000
22233812,1758713550620,sell,112984.100000,0.002000
22233813,1758713550699,buy,112984.200000,0.189000
22233814,1758713550711,sell,112984.100000,0.032000
22233815,1758713550997,sell,112984.100000,0.124000
22233816,1758713550997,sell,112984.000000,0.273000
22233817,1758713551055,buy,112984.100000,0.002000
22233818,1758713551185,buy,112984.100000,0.011000
22233819,1758713551242,sell,112984.000000,0.402000
22233820,1758713551396,buy,112984.100000,0.010000
22233821,1758713551399,sell,112984.000000,0.002000
22233822,1758713551409,buy,112984.100000,0.510000
22233823,1758713551550,sell,112984.000000,1.283000
22233824,1758713551653,sell,112984.000000,0.056000
22233825,1758713551716,buy,112984.100000,0.002000
22233826,1758713551843,buy,112984.000000,1.003000
22233827,1758713551912,sell,112984.000000,0.025000
22233828,1758713551930,buy,112984.100000,0.326000
22233829,1758713552021,sell,112984.000000,0.056000
22233830,1758713552096,buy,112984.100000,0.066000
22233831,1758713552224,sell,112984.000000,0.577000
22233832,1758713552314,sell,112983.900000,0.178000
22233833,1758713552314,sell,112983.800000,0.354000
22233834,1758713552314,sell,112983.200000,0.020000
22233835,1758713552314,sell,112983.000000,0.001000
22233836,1758713552314,sell,112982.800000,0.002000
22233837,1758713552314,sell,112982.400000,0.007000
22233838,1758713552314,sell,112982.200000,0.011000
22233839,1758713552314,sell,112982.100000,0.012000
22233840,1758713552314,sell,112982.000000,0.125000
22233841,1758713552389,buy,112982.100000,0.384000
22233842,1758713552431,sell,112982.000000,0.114000
22233843,1758713552541,sell,112982.000000,4.008000
22233844,1758713552645,sell,112982.000000,1.100000
22233845,1758713553073,sell,112982.000000,0.036000
22233846,1758713553148,buy,112982.100000,1.166000
22233847,1758713553191,sell,112982.000000,0.100000
22233848,1758713553261,buy,112982.100000,0.038000
22233849,1758713553329,sell,112982.000000,0.020000
22233850,1758713553343,buy,112982.100000,0.007000
22233851,1758713553395,sell,112982.000000,0.023000
22233852,1758713553619,sell,112982.000000,0.005000
22233853,1758713553783,buy,112982.100000,0.002000
22233854,1758713553816,sell,112982.000000,0.006000
22233855,1758713553832,buy,112982.100000,0.003000
22233856,1758713554067,buy,112982.100000,0.214000
22233857,1758713554096,sell,112982.000000,0.460000
22233858,1758713554102,buy,112982.100000,0.072000
22233859,1758713554131,sell,112982.000000,0.002000
22233860,1758713554176,buy,112982.100000,0.002000
22233861,1758713554269,sell,112982.000000,0.500000
22233862,1758713554305,buy,112982.100000,0.400000
22233863,1758713554314,sell,112982.000000,0.016000
22233864,1758713554359,buy,112982.100000,0.330000
22233865,1758713554431,sell,112982.000000,0.001000
22233866,1758713554485,buy,112982.100000,0.002000
22233867,1758713554522,sell,112982.000000,0.814000
22233868,1758713554599,buy,112982.100000,0.001000
22233869,1758713554645,sell,112982.000000,0.010000
22233870,1758713554852,sell,112982.000000,0.001000
22233871,1758713554910,buy,112982.100000,0.418000
22233872,1758713555292,sell,112982.000000,0.001000
22233873,1758713555344,buy,112982.100000,0.026000
22233874,1758713555531,buy,112982.100000,1.000000
22233875,1758713555692,sell,112982.000000,0.002000
22233876,1758713555702,buy,112982.100000,0.508000
22233877,1758713555900,sell,112982.000000,0.003000
22233878,1758713556031,buy,112982.100000,0.002000
22233879,1758713556056,sell,112982.000000,0.599000
22233880,1758713556393,sell,112982.000000,0.016000
22233881,1758713556414,buy,112982.100000,0.725000
22233882,1758713556562,buy,112982.100000,0.214000
22233883,1758713556641,sell,112982.000000,0.110000
22233884,1758713556943,buy,112982.100000,0.297000
22233885,1758713557054,buy,112982.100000,0.282000
22233886,1758713557213,buy,112982.100000,0.008000
22233887,1758713557348,sell,112982.000000,0.002000
22233888,1758713557434,buy,112982.100000,0.012000
22233889,1758713557662,buy,112982.100000,0.005000
22233890,1758713558001,sell,112982.000000,0.005000
22233891,1758713558083,buy,112982.100000,0.002000
22233892,1758713558337,buy,112982.100000,0.010000
22233893,1758713558418,sell,112982.000000,0.002000
22233894,1758713558564,buy,112982.000000,0.569000
22233895,1758713558581,buy,112982.100000,0.081000
22233896,1758713558712,sell,112982.000000,0.220000
22233897,1758713558759,buy,112982.100000,0.336000
22233898,1758713558923,sell,112982.000000,0.015000
22233899,1758713559039,buy,112982.100000,0.023000
22233900,1758713559099,sell,112982.000000,0.014000
22233901,1758713559251,sell,112982.000000,0.010000
22233902,1758713559440,buy,112982.100000,0.004000
22233903,1758713559671,sell,112982.000000,0.388000
22233904,1758713559773,sell,112982.000000,0.004000
22233905,1758713559963,buy,112982.100000,0.014000
22233906,1758713560146,buy,112982.100000,0.061000
22233907,1758713560238,sell,112982.000000,2.087000
22233908,1758713560546,sell,112982.000000,0.018000
22233909,1758713560676,buy,112982.100000,0.214000
22233910,1758713560703,sell,112982.000000,0.010000
22233911,1758713560812,sell,112982.000000,0.715000
22233912,1758713561018,sell,112982.000000,0.022000
22233913,1758713561129,buy,112982.100000,0.202000
22233914,1758713561147,sell,112982.000000,0.007000
22233915,1758713561191,buy,112982.100000,0.012000
22233916,1758713561238,sell,112982.000000,0.002000
22233917,1758713561574,buy,112982.100000,0.002000
22233918,1758713561677,buy,112982.100000,0.010000
22233919,1758713561943,buy,112982.100000,0.062000
22233920,1758713562055,buy,112982.100000,0.015000
22233921,1758713562105,sell,112982.000000,0.014000
22233922,1758713562272,buy,112982.100000,0.003000
22233923,1758713562281,sell,112982.000000,0.002000
22233924,1758713562395,sell,112982.000000,0.003000
22233925,1758713562611,sell,112982.000000,0.013000
22233926,1758713562735,buy,112982.100000,0.005000
22233927,1758713562854,buy,112982.100000,0.214000
22233928,1758713562975,sell,112982.000000,0.002000
22233929,1758713563280,sell,112982.000000,0.022000
22233930,1758713563318,buy,112982.100000,0.002000
22233931,1758713563550,sell,112982.000000,0.015000
22233932,1758713563662,sell,112982.000000,0.002000
22233933,1758713563709,buy,112982.000000,0.355000
22233934,1758713563742,buy,112982.100000,0.068000
22233935,1758713564175,sell,112982.000000,0.151000
22233936,1758713564351,buy,112982.100000,0.008000
22233937,1758713564462,sell,112982.000000,0.002000
22233938,1758713564591,buy,112982.100000,0.016000
22233939,1758713564689,sell,112982.000000,0.010000
22233940,1758713564705,buy,112982.100000,0.002000
22233941,1758713564726,sell,112982.000000,2.960000
22233942,1758713564824,buy,112982.100000,0.100000
22233943,1758713564873,buy,112982.000000,1.067000
22233944,1758713564911,buy,112982.100000,0.025000
22233945,1758713565046,sell,112982.000000,0.002000
22233946,1758713565051,buy,112982.100000,0.025000
22233947,1758713565080,sell,112982.000000,0.014000
22233948,1758713565116,buy,112982.100000,0.611000
22233949,1758713565233,sell,112982.000000,0.011000
22233950,1758713565247,buy,112982.100000,0.171000
22233951,1758713565445,buy,112982.100000,1.112000
22233952,1758713565488,sell,112982.000000,0.001000
22233953,1758713565508,buy,112982.100000,0.026000
22233954,1758713565543,sell,112982.000000,0.010000
22233955,1758713565560,buy,112982.100000,0.027000
22233956,1758713565649,sell,112982.000000,0.016000
22233957,1758713565832,buy,112982.100000,0.002000
22233958,1758713565960,buy,112982.100000,0.326000
22233959,1758713566132,sell,112982.000000,0.002000
22233960,1758713566141,buy,112982.100000,0.002000
22233961,1758713566168,sell,112982.000000,0.002000
22233962,1758713566178,buy,112982.100000,0.066000
22233963,1758713566306,buy,112982.100000,0.001000
22233964,1758713566465,buy,112982.100000,0.002000
22233965,1758713566682,sell,112982.000000,0.010000
22233966,1758713566686,buy,112982.100000,0.012000
22233967,1758713566707,sell,112982.000000,0.394000
22233968,1758713566771,buy,112982.100000,0.004000
22233969,1758713566908,sell,112982.000000,0.964000
22233970,1758713567019,buy,112982.100000,0.006000
22233971,1758713567059,sell,112982.000000,0.002000
22233972,1758713567407,sell,112982.000000,0.001000
22233973,1758713567470,buy,112982.100000,0.070000
22233974,1758713567725,sell,112982.000000,0.649000
22233975,1758713567879,sell,112982.000000,0.005000
22233976,1758713567977,buy,112982.100000,0.022000
22233977,1758713568096,sell,112982.000000,0.014000
22233978,1758713568104,buy,112982.100000,0.214000
22233979,1758713568169,sell,112982.000000,0.018000
22233980,1758713568216,buy,112982.100000,0.064000
22233981,1758713568350,sell,112982.000000,1.889000
22233982,1758713568350,sell,112981.800000,0.001000
22233983,1758713568350,sell,112981.600000,0.010000
22233984,1758713568350,sell,112981.500000,0.007000
22233985,1758713568350,sell,112981.400000,0.003000
22233986,1758713568350,sell,112981.100000,0.007000
22233987,1758713568350,sell,112981.000000,0.001000
22233988,1758713568350,sell,112980.400000,0.012000
22233989,1758713568350,sell,112980.100000,0.025000
22233990,1758713568350,sell,112980.000000,0.187000
22233991,1758713568350,sell,112979.000000,0.008000
22233992,1758713568350,sell,112978.900000,0.083000
22233993,1758713568395,buy,112979.000000,0.150000
22233994,1758713568402,sell,112978.900000,0.011000
22233995,1758713568436,buy,112979.000000,0.100000
22233996,1758713568562,buy,112979.000000,0.002000
22233997,1758713568631,sell,112978.900000,0.168000
22233998,1758713568669,buy,112979.000000,0.013000
22233999,1758713568798,sell,112978.900000,0.010000
22234000,1758713568844,buy,112979.000000,0.224000
22234001,1758713569097,sell,112978.900000,0.005000
22234002,1758713569247,buy,112979.000000,0.303000
22234003,1758713569426,buy,112979.000000,0.117000
22234004,1758713569544,sell,112978.900000,0.002000
22234005,1758713569556,buy,112979.000000,0.005000
22234006,1758713569626,buy,112978.900000,0.437000
22234007,1758713569672,sell,112978.900000,0.224000
22234008,1758713569795,sell,112978.900000,0.011000
22234009,1758713570082,sell,112978.900000,0.606000
22234010,1758713570258,buy,112979.000000,0.069000
22234011,1758713570409,buy,112979.000000,0.302000
22234012,1758713570648,sell,112978.900000,0.948000
22234013,1758713570660,buy,112979.000000,0.090000
22234014,1758713570747,sell,112978.900000,0.268000
22234015,1758713570850,buy,112979.000000,0.014000
22234016,1758713571017,sell,112978.900000,0.174000
22234017,1758713571284,sell,112978.900000,0.015000
22234018,1758713571442,buy,112979.000000,0.224000
22234019,1758713571639,buy,112979.000000,0.003000
22234020,1758713571789,buy,112978.900000,0.993000
22234021,1758713571789,sell,112978.900000,0.003000
22234022,1758713571847,buy,112979.000000,0.078000
22234023,1758713571975,sell,112978.900000,0.978000
22234024,1758713572122,buy,112979.000000,0.002000
22234025,1758713572136,sell,112978.900000,0.084000
22234026,1758713572210,buy,112979.000000,0.002000
22234027,1758713572237,sell,112978.900000,0.300000
22234028,1758713572348,sell,112978.900000,0.014000
22234029,1758713572359,buy,112979.000000,0.010000
22234030,1758713572584,sell,112978.900000,0.412000
22234031,1758713572773,sell,112978.900000,0.010000
22234032,1758713572808,buy,112979.000000,0.001000
22234033,1758713572881,sell,112978.900000,0.010000
22234034,1758713572953,buy,112979.000000,0.017000
22234035,1758713573009,sell,112978.900000,0.002000
22234036,1758713573110,sell,112978.900000,0.003000
22234037,1758713573178,buy,112979.000000,0.003000
22234038,1758713573210,sell,112978.900000,0.017000
22234039,1758713573234,buy,112979.000000,0.336000
22234040,1758713573522,sell,112978.900000,0.008000
22234041,1758713573657,sell,112978.900000,0.089000
22234042,1758713573732,buy,112979.000000,0.428000
22234043,1758713573785,sell,112978.900000,0.200000
22234044,1758713573850,buy,112979.000000,0.011000
22234045,1758713573986,buy,112979.000000,0.191000
22234046,1758713574040,sell,112978.900000,0.016000
22234047,1758713574088,buy,112979.000000,0.066000
22234048,1758713574115,sell,112978.900000,0.012000
22234049,1758713574377,buy,112979.000000,0.004000
22234050,1758713574495,sell,112978.900000,0.389000
22234051,1758713574613,buy,112979.000000,0.002000
22234052,1758713574657,sell,112978.900000,0.010000
22234053,1758713574678,buy,112979.000000,0.002000
22234054,1758713574886,sell,112978.900000,0.014000
22234055,1758713575017,sell,112978.900000,0.002000
22234056,1758713575037,buy,112979.000000,0.062000
22234057,1758713575113,sell,112978.900000,0.001000
22234058,1758713575123,buy,112979.000000,0.001000
22234059,1758713575140,sell,112978.900000,0.010000
22234060,1758713575293,buy,112979.000000,0.010000
22234061,1758713575324,sell,112978.900000,0.012000
22234062,1758713575580,sell,112978.900000,1.659000
22234063,1758713575686,buy,112979.000000,0.383000
22234064,1758713575852,buy,112979.000000,0.120000
22234065,1758713575962,buy,112979.000000,0.190000
22234066,1758713575995,sell,112978.900000,0.152000
22234067,1758713576001,buy,112979.000000,0.013000
22234068,1758713576030,sell,112978.900000,1.850000
22234069,1758713576132,buy,112979.000000,0.214000
22234070,1758713576305,buy,112979.000000,0.026000
22234071,1758713576574,buy,112979.000000,0.236000
22234072,1758713576737,buy,112979.000000,0.202000
22234073,1758713576989,sell,112978.900000,0.019000
22234074,1758713577074,buy,112979.000000,0.231000
22234075,1758713577074,sell,112978.900000,0.024000
22234076,1758713577387,buy,112979.000000,0.111000
22234077,1758713577482,sell,112978.900000,0.200000
22234078,1758713577507,buy,112979.000000,0.003000
22234079,1758713577510,sell,112978.900000,0.350000
22234080,1758713577750,buy,112979.000000,0.660000
22234081,1758713577853,sell,112978.900000,0.003000
22234082,1758713577876,buy,112979.000000,2.267000
22234083,1758713578055,buy,112979.000000,2.685000
22234084,1758713578077,buy,112979.500000,0.010000
22234085,1758713578077,buy,112980.300000,0.001000
22234086,1758713578077,buy,112981.000000,0.011000
22234087,1758713578078,buy,112982.100000,0.224000
22234088,1758713578078,buy,112982.600000,0.011000
22234089,1758713578078,buy,112983.000000,2.843000
22234090,1758713578117,buy,112982.900000,1.524000
22234091,1758713578135,buy,112983.000000,0.409000
22234092,1758713578152,buy,112984.000000,0.444000
22234093,1758713578184,buy,112983.000000,0.010000
22234094,1758713578204,buy,112984.000000,0.398000
22234095,1758713578294,sell,112982.900000,0.200000
22234096,1758713578319,buy,112984.000000,1.273000
22234097,1758713578378,buy,112984.100000,0.031000
22234098,1758713578378,buy,112985.000000,0.001000
22234099,1758713578378,buy,112985.200000,0.016000
22234100,1758713578378,buy,112985.300000,0.003000
22234101,1758713578378,buy,112987.000000,0.001000
22234102,1758713578405,sell,112983.900000,0.002000
22234103,1758713578438,buy,112984.000000,0.021000
22234104,1758713578443,buy,112988.700000,0.015000
22234105,1758713578470,buy,112984.000000,0.012000
22234106,1758713578576,buy,112984.000000,0.006000
22234107,1758713578623,sell,112983.900000,0.003000
22234108,1758713578624,buy,112984.000000,0.066000
22234109,1758713578685,buy,112988.700000,0.002000
22234110,1758713578706,buy,112984.000000,0.019000
22234111,1758713578755,buy,112988.700000,0.004000
22234112,1758713578755,buy,112989.700000,0.215000
22234113,1758713578792,buy,112989.600000,0.027000
22234114,1758713578792,buy,112989.700000,0.173000
22234115,1758713578828,buy,112988.700000,0.002000
22234116,1758713578830,sell,112988.500000,0.002000
22234117,1758713578832,buy,112989.700000,0.003000
22234118,1758713578912,sell,112988.500000,0.002000
22234119,1758713578917,buy,112988.700000,0.006000
22234120,1758713579046,sell,112989.700000,0.002000
22234121,1758713579153,buy,112989.800000,0.043000
22234122,1758713579166,sell,112989.700000,0.017000
22234123,1758713579248,buy,112989.800000,0.002000
22234124,1758713579250,sell,112989.700000,3.010000
22234125,1758713579362,buy,112989.800000,0.224000
22234126,1758713579520,buy,112989.800000,0.232000
22234127,1758713579791,buy,112989.800000,0.002000
22234128,1758713579934,buy,112989.800000,0.055000
22234129,1758713580014,sell,112989.700000,0.220000
22234130,1758713580098,buy,112989.800000,0.008000
22234131,1758713580208,sell,112989.700000,0.003000
22234132,1758713580229,buy,112989.800000,0.013000
22234133,1758713580480,buy,112989.800000,0.227000
22234134,1758713580492,sell,112989.700000,0.200000
22234135,1758713580536,buy,112989.800000,0.014000
22234136,1758713580553,sell,112989.700000,6.007000
22234137,1758713580670,sell,112989.700000,0.060000
22234138,1758713580779,buy,112989.800000,0.075000
22234139,1758713580910,buy,112989.800000,2.002000
22234140,1758713581002,sell,112989.700000,0.010000
22234141,1758713581104,sell,112989.700000,0.606000
22234142,1758713581242,sell,112989.700000,0.045000
22234143,1758713581438,buy,112989.800000,0.077000
22234144,1758713581595,buy,112989.800000,0.002000
22234145,1758713581629,sell,112989.700000,0.004000
22234146,1758713581635,buy,112989.800000,0.184000
22234147,1758713581755,sell,112989.700000,0.001000
22234148,1758713581952,buy,112989.800000,0.222000
22234149,1758713582088,sell,112989.700000,4.432000
22234150,1758713582159,buy,112989.800000,4.450000
22234151,1758713582279,buy,112989.800000,0.014000
22234152,1758713582384,buy,112989.800000,0.206000
22234153,1758713582615,buy,112989.800000,0.002000
22234154,1758713582729,sell,112989.700000,0.002000
22234155,1758713582744,buy,112989.800000,0.009000
22234156,1758713582801,sell,112989.700000,0.002000
22234157,1758713582811,buy,112989.800000,0.200000
22234158,1758713582870,buy,112989.700000,1.004000
22234159,1758713582952,sell,112989.700000,0.010000
22234160,1758713583067,buy,112989.800000,0.003000
22234161,1758713583071,sell,112989.700000,0.015000
22234162,1758713583142,buy,112989.800000,0.002000
22234163,1758713583150,sell,112989.700000,4.433000
22234164,1758713583272,buy,112989.800000,0.002000
22234165,1758713583315,sell,112989.700000,0.001000
22234166,1758713583396,buy,112989.800000,0.018000
22234167,1758713583404,sell,112989.700000,0.014000
22234168,1758713583542,buy,112989.800000,0.075000
22234169,1758713583669,sell,112989.700000,0.002000
22234170,1758713583785,sell,112989.700000,0.003000
22234171,1758713583847,buy,112989.800000,0.106000
22234172,1758713583880,sell,112989.700000,0.036000
22234173,1758713584095,buy,112989.800000,0.262000
22234174,1758713584132,sell,112989.700000,0.004000
22234175,1758713584375,sell,112989.700000,0.076000
22234176,1758713584461,buy,112989.800000,0.011000
22234177,1758713584463,sell,112989.700000,0.103000
22234178,1758713584484,buy,112989.800000,0.335000
22234179,1758713584484,sell,112989.700000,0.025000
22234180,1758713584490,buy,112989.800000,0.016000
22234181,1758713584505,sell,112989.700000,0.059000
22234182,1758713584611,sell,112989.700000,0.147000
22234183,1758713584857,buy,112989.800000,0.070000
22234184,1758713585096,buy,112989.800000,0.010000
22234185,1758713585190,sell,112989.700000,1.645000
22234186,1758713585272,buy,112989.800000,0.018000
22234187,1758713585507,sell,112989.700000,0.333000
22234188,1758713585638,buy,112989.800000,0.010000
22234189,1758713585934,buy,112989.800000,0.086000
22234190,1758713586073,sell,112989.700000,0.014000
22234191,1758713586181,buy,112989.800000,4.214000
22234192,1758713586381,buy,112989.800000,0.002000
22234193,1758713586410,sell,112989.700000,0.018000
22234194,1758713586562,buy,112989.800000,0.016000
22234195,1758713586649,sell,112989.700000,0.092000
22234196,1758713586836,buy,112989.800000,0.051000
22234197,1758713586924,sell,112989.700000,0.002000
22234198,1758713587028,buy,112989.800000,0.330000
22234199,1758713587123,sell,112989.700000,0.001000
22234200,1758713587162,buy,112989.800000,0.068000
22234201,1758713587296,sell,112989.700000,0.010000
22234202,1758713587347,buy,112989.800000,0.303000
22234203,1758713587502,sell,112989.700000,0.003000
22234204,1758713587516,buy,112989.800000,0.018000
22234205,1758713587523,sell,112989.700000,1.000000
22234206,1758713587545,buy,112989.800000,1.289000
22234207,1758713587627,sell,112989.700000,0.014000
22234208,1758713587687,buy,112989.800000,1.866000
