id,unix_timestamp_ms,side,price,quantity
3593774,1758715675162,buy,2.241200,2328.190000
3593775,1758715675166,buy,2.241600,1069.780000
3593776,1758715675388,sell,2.241200,411.150000
3593777,1758715675557,sell,2.241200,2566.000000
3593778,1758715675776,sell,2.241200,40.000000
3593779,1758715675849,buy,2.241300,180.050000
3593780,1758715676105,buy,2.241100,1113.620000
3593781,1758715676197,sell,2.240600,10.000000
3593782,1758715676261,buy,2.241200,43.900000
3593783,1758715676261,buy,2.241400,0.710000
3593784,1758715676319,sell,2.240800,15.000000
3593785,1758715676319,sell,2.240700,43.900000
3593786,1758715676319,sell,2.240600,18.950000
3593787,1758715676345,buy,2.241400,92.110000
3593788,1758715676370,buy,2.241700,28.950000
3593789,1758715676370,buy,2.242100,97.860000
3593790,1758715676615,sell,2.241680,77334.320000
3593791,1758715676662,sell,2.240700,510.480000
3593792,1758715676662,sell,2.240600,28.950000
3593793,1758715676662,sell,2.240400,90.910000
3593794,1758715676794,buy,2.241600,178.240000
3593795,1758715676977,sell,2.241000,62.940000
3593796,1758715676977,sell,2.240900,94.470000
3593797,1758715676977,sell,2.240800,92.760000
3593798,1758715676977,sell,2.240500,137.880000
3593799,1758715676977,sell,2.240400,3085.250000
3593800,1758715677121,buy,2.241700,1137.960000
3593801,1758715677180,sell,2.241700,993.860000
3593802,1758715677180,sell,2.241200,10.000000
3593803,1758715677180,sell,2.240900,94.470000
3593804,1758715677180,sell,2.240600,28.950000
3593805,1758715677180,sell,2.240400,3358.960000
3593806,1758715677180,sell,2.240300,804.990000
3593807,1758715677397,buy,2.241700,28.950000
3593808,1758715677682,sell,2.240700,89.120000
3593809,1758715677683,sell,2.240600,129.740000
3593810,1758715677683,sell,2.240400,13.330000
3593811,1758715677683,sell,2.240300,16024.890000
3593812,1758715677687,sell,2.240200,255.100000
3593813,1758715677687,sell,2.240100,241.880000
3593814,1758715677687,sell,2.240000,10.290000
3593815,1758715677687,sell,2.239800,143.810000
3593816,1758715677687,sell,2.239700,86.850000
3593817,1758715677687,sell,2.239600,12.550000
3593818,1758715677687,sell,2.239500,28.950000
3593819,1758715677687,sell,2.238900,95.710000
3593820,1758715677687,sell,2.238800,162.270000
3593821,1758715677687,sell,2.238600,10.000000
3593822,1758715677689,sell,2.238500,380.830000
3593823,1758715677689,sell,2.238400,61.360000
3593824,1758715677689,sell,2.238300,86.850000
3593825,1758715677689,sell,2.238200,2.510000
3593826,1758715677689,sell,2.238100,12.550000
3593827,1758715677689,sell,2.238000,1036.360000
3593828,1758715677689,sell,2.237800,464.900000
3593829,1758715677690,sell,2.237700,20.010000
3593830,1758715677690,sell,2.237600,847.160000
3593831,1758715677690,sell,2.237500,170.740000
3593832,1758715677690,sell,2.237400,313.520000
3593833,1758715677690,sell,2.237200,128.540000
3593834,1758715677690,sell,2.237100,355.950000
3593835,1758715677690,sell,2.237000,252.970000
3593836,1758715677690,sell,2.236900,61.540000
3593837,1758715677690,sell,2.236800,447.590000
3593838,1758715677690,sell,2.236700,394.910000
3593839,1758715677690,sell,2.236600,532.890000
3593840,1758715677690,sell,2.236500,3.930000
3593841,1758715677690,sell,2.236400,50.300000
3593842,1758715677690,sell,2.236300,160.050000
3593843,1758715677690,sell,2.236200,44.630000
3593844,1758715677690,sell,2.236100,504.680000
3593845,1758715677690,sell,2.236000,86.530000
3593846,1758715677690,sell,2.235900,111.990000
3593847,1758715677690,sell,2.235800,15.490000
3593848,1758715677690,sell,2.235700,5.940000
3593849,1758715677691,sell,2.235600,1538.110000
3593850,1758715677691,sell,2.235500,2714.330000
3593851,1758715677691,sell,2.235400,186.320000
3593852,1758715677691,sell,2.235300,28.950000
3593853,1758715677691,sell,2.235200,12.550000
3593854,1758715677691,sell,2.235100,6.700000
3593855,1758715677691,sell,2.235000,98.000000
3593856,1758715677691,sell,2.234900,597.290000
3593857,1758715677691,sell,2.234800,246.750000
3593858,1758715677691,sell,2.234700,33.930000
3593859,1758715677691,sell,2.234600,895.380000
3593860,1758715677691,sell,2.234500,701.160000
3593861,1758715677694,sell,2.234400,33.450000
3593862,1758715677694,sell,2.234300,9.900000
3593863,1758715677694,sell,2.234200,97.690000
3593864,1758715677694,sell,2.234100,55.080000
3593865,1758715677694,sell,2.234000,318.360000
3593866,1758715677694,sell,2.233900,241.880000
3593867,1758715677694,sell,2.233800,186.770000
3593868,1758715677694,sell,2.233700,314.890000
3593869,1758715677694,sell,2.233600,417.840000
3593870,1758715677694,sell,2.233500,180.110000
3593871,1758715677694,sell,2.233400,3.220000
3593872,1758715677694,sell,2.233300,10.000000
3593873,1758715677694,sell,2.233200,5.540000
3593874,1758715677694,sell,2.233100,719.040000
3593875,1758715677694,sell,2.233000,32.250000
3593876,1758715677694,sell,2.232900,665.200000
3593877,1758715677697,sell,2.233500,878.540000
3593878,1758715677697,sell,2.240300,162.270000
3593879,1758715677697,sell,2.232900,71.410000
3593880,1758715677698,sell,2.240300,28.950000
3593881,1758715677698,buy,2.234900,94.690000
3593882,1758715677699,sell,2.240300,375.050000
3593883,1758715677704,buy,2.234900,124.410000
3593884,1758715677704,sell,2.240300,641.130000
3593885,1758715677706,sell,2.239300,2343.720000
3593886,1758715677741,buy,2.235300,3570.870000
3593887,1758715677741,buy,2.235500,10.000000
3593888,1758715677741,buy,2.236100,162.270000
3593889,1758715677741,buy,2.236300,28.950000
3593890,1758715677741,buy,2.236600,30.000000
3593891,1758715677742,buy,2.236700,12.550000
3593892,1758715677742,buy,2.236800,86.850000
3593893,1758715677742,buy,2.236900,47.820000
3593894,1758715677742,buy,2.237000,241.880000
3593895,1758715677742,buy,2.237600,586.750000
3593896,1758715677742,buy,2.237700,40.000000
3593897,1758715677742,buy,2.238800,32.650000
3593898,1758715677742,buy,2.238900,6.530000
3593899,1758715677742,buy,2.239000,4.520000
3593900,1758715677742,buy,2.239100,2.500000
3593901,1758715677742,buy,2.239300,38.210000
3593902,1758715677742,buy,2.239400,12.950000
3593903,1758715677742,buy,2.239900,44.910000
3593904,1758715677742,buy,2.240000,97.580000
3593905,1758715677742,buy,2.240100,2434.170000
3593906,1758715677742,buy,2.240200,16.820000
3593907,1758715677742,buy,2.240300,28.380000
3593908,1758715677742,buy,2.240400,27.020000
3593909,1758715677742,buy,2.240600,28.950000
3593910,1758715677742,buy,2.240800,727.950000
3593911,1758715677754,sell,2.235200,10.000000
3593912,1758715677758,sell,2.234800,878.540000
3593913,1758715677765,sell,2.234700,417.920000
3593914,1758715677767,buy,2.234900,4.010000
3593915,1758715677767,buy,2.235200,2.550000
3593916,1758715677767,buy,2.235300,28.950000
3593917,1758715677767,buy,2.235400,86.850000
3593918,1758715677767,buy,2.235500,285.690000
3593919,1758715677769,buy,2.235800,12.580000
3593920,1758715677769,buy,2.235900,10.290000
3593921,1758715677769,buy,2.236100,2.180000
3593922,1758715677771,sell,2.234200,10.000000
3593923,1758715677776,buy,2.236100,145.720000
3593924,1758715677779,sell,2.234200,10.000000
3593925,1758715677780,buy,2.236100,121.040000
3593926,1758715677780,buy,2.236300,107.420000
3593927,1758715677780,buy,2.236400,13.620000
3593928,1758715677780,buy,2.236500,3.930000
3593929,1758715677780,buy,2.236700,17.840000
3593930,1758715677780,buy,2.236900,9.650000
3593931,1758715677780,buy,2.237000,3.860000
3593932,1758715677780,buy,2.237100,355.950000
3593933,1758715677781,buy,2.237200,17.070000
3593934,1758715677781,buy,2.237500,5.430000
3593935,1758715677783,sell,2.237500,103.500000
3593936,1758715677789,sell,2.237400,28.950000
3593937,1758715677789,sell,2.237000,241.880000
3593938,1758715677789,sell,2.236900,47.820000
3593939,1758715677789,sell,2.234700,722.090000
3593940,1758715677801,sell,2.236800,86.850000
3593941,1758715677803,sell,2.236700,12.550000
3593942,1758715677803,sell,2.236500,3.930000
3593943,1758715677803,sell,2.236400,13.620000
3593944,1758715677803,sell,2.236300,126.370000
3593945,1758715677803,sell,2.236100,431.210000
3593946,1758715677803,sell,2.235900,101.990000
3593947,1758715677803,sell,2.235800,12.580000
3593948,1758715677803,sell,2.234700,339.140000
3593949,1758715677813,buy,2.236500,88.200000
3593950,1758715677882,sell,2.236000,45.370000
3593951,1758715677882,sell,2.235600,25.860000
3593952,1758715677882,sell,2.235500,558.270000
3593953,1758715677909,sell,2.235400,127.710000
3593954,1758715677909,sell,2.235300,28.950000
3593955,1758715677909,sell,2.235200,12.550000
3593956,1758715677909,sell,2.235000,79.680000
3593957,1758715677909,sell,2.234900,116.710000
3593958,1758715677968,sell,2.235200,20.000000
3593959,1758715678024,sell,2.235300,25.000000
3593960,1758715678024,sell,2.234900,418.010000
3593961,1758715678085,buy,2.236300,12.220000
3593962,1758715678145,sell,2.235300,310.000000
3593963,1758715678236,sell,2.235000,4.530000
3593964,1758715678328,buy,2.236300,16.730000
3593965,1758715678328,buy,2.236500,790.340000
3593966,1758715678330,buy,2.236700,881.170000
3593967,1758715678330,buy,2.236800,86.850000
3593968,1758715678330,buy,2.236900,47.820000
3593969,1758715678330,buy,2.237000,241.880000
3593970,1758715678330,buy,2.237300,801.320000
3593971,1758715678350,sell,2.235800,391.000000
3593972,1758715678353,buy,2.237200,98.430000
3593973,1758715678353,buy,2.237400,166.830000
3593974,1758715678365,buy,2.237500,162.270000
3593975,1758715678365,buy,2.237600,553.240000
3593976,1758715678372,sell,2.236300,28.950000
3593977,1758715678372,sell,2.236100,50.920000
3593978,1758715678372,sell,2.235800,5.130000
3593979,1758715678377,buy,2.237700,20.010000
3593980,1758715678382,sell,2.237700,79.870000
3593981,1758715678435,buy,2.237800,600.000000
3593982,1758715678676,sell,2.237700,0.120000
3593983,1758715678676,sell,2.236400,200.000000
3593984,1758715678685,sell,2.236300,28.950000
3593985,1758715678685,sell,2.236100,162.270000
3593986,1758715678685,sell,2.235800,482.410000
3593987,1758715678685,sell,2.235500,116.140000
3593988,1758715678733,buy,2.236900,43.810000
3593989,1758715678733,buy,2.237200,56.190000
3593990,1758715678740,buy,2.236800,344.220000
3593991,1758715678804,buy,2.236600,92.900000
3593992,1758715678878,buy,2.236200,43.900000
3593993,1758715678886,buy,2.236300,199.240000
3593994,1758715678886,buy,2.236400,1476.860000
3593995,1758715678886,buy,2.236500,558.090000
3593996,1758715678901,buy,2.235700,1016.080000
3593997,1758715678952,sell,2.235600,85.000000
3593998,1758715678998,buy,2.236500,199.130000
3593999,1758715678998,buy,2.237000,619.720000
3594000,1758715678998,buy,2.237100,183.040000
3594001,1758715678998,buy,2.237200,262.420000
3594002,1758715679016,buy,2.236900,300.000000
3594003,1758715679018,sell,2.235700,836.900000
3594004,1758715679108,buy,2.235800,300.000000
3594005,1758715679221,buy,2.235800,3000.000000
3594006,1758715679258,sell,2.235700,237.880000
3594007,1758715679339,sell,2.235500,213.360000
3594008,1758715679418,sell,2.235400,86.850000
3594009,1758715679418,sell,2.235300,28.950000
3594010,1758715679418,sell,2.235200,16.510000
3594011,1758715679420,buy,2.235600,43.390000
3594012,1758715679445,sell,2.235200,18.390000
3594013,1758715679445,sell,2.234900,66.580000
3594014,1758715679445,sell,2.234800,162.270000
3594015,1758715679445,sell,2.234600,661.410000
3594016,1758715679489,buy,2.235500,40.000000
3594017,1758715679532,buy,2.235300,93.130000
3594018,1758715679647,buy,2.235100,494.820000
3594019,1758715679764,buy,2.235100,445.200000
3594020,1758715679880,buy,2.235300,100.000000
3594021,1758715679884,sell,2.234700,44.610000
3594022,1758715679956,buy,2.235200,137.880000
3594023,1758715679956,buy,2.235300,262.120000
3594024,1758715680042,buy,2.235600,100.000000
3594025,1758715680081,sell,2.234700,140.480000
3594026,1758715680082,sell,2.234600,41.060000
3594027,1758715680199,sell,2.234600,58.940000
3594028,1758715680199,sell,2.234500,139.320000
3594029,1758715680200,sell,2.234400,30.690000
3594030,1758715680200,sell,2.234200,28.950000
3594031,1758715680200,sell,2.234100,53.810000
3594032,1758715680200,sell,2.234000,387.910000
3594033,1758715680200,sell,2.233900,195.880000
3594034,1758715680220,buy,2.234700,400.000000
3594035,1758715680261,buy,2.234600,100.000000
3594036,1758715680487,buy,2.234900,137.880000
3594037,1758715680487,buy,2.235200,15.000000
3594038,1758715680487,buy,2.235300,28.950000
3594039,1758715680487,buy,2.235400,86.850000
3594040,1758715680487,buy,2.235500,43.810000
3594041,1758715680487,buy,2.235700,87.510000
3594042,1758715680592,buy,2.235200,237.880000
3594043,1758715680624,buy,2.235500,980.030000
3594044,1758715680649,sell,2.234600,15.000000
3594045,1758715680752,buy,2.235200,345.880000
3594046,1758715680752,buy,2.235300,54.120000
3594047,1758715680826,buy,2.234800,137387.030000
3594048,1758715680949,sell,2.234900,895.060000
3594049,1758715681127,buy,2.235000,155.910000
3594050,1758715681127,buy,2.235100,2777.960000
3594051,1758715681354,buy,2.235000,247.000000
3594052,1758715681590,sell,2.235100,62.220000
3594053,1758715681610,sell,2.235300,219.100000
3594054,1758715681610,sell,2.235000,40.360000
3594055,1758715681821,buy,2.235600,44.740000
3594056,1758715681839,sell,2.235500,179.530000
3594057,1758715682063,sell,2.235600,1725.370000
3594058,1758715682216,buy,2.235700,108.240000
3594059,1758715682235,sell,2.235600,14.240000
3594060,1758715682253,buy,2.236100,611.980000
3594061,1758715682253,buy,2.236200,95.030000
3594062,1758715682896,sell,2.235700,98.200000
3594063,1758715682969,buy,2.235900,451.060000
3594064,1758715682969,buy,2.236200,109.080000
3594065,1758715682969,buy,2.236300,573.550000
3594066,1758715682969,buy,2.236400,212.750000
3594067,1758715682969,buy,2.236500,872.550000
3594068,1758715682970,buy,2.236600,10.000000
3594069,1758715682970,buy,2.236700,12.550000
3594070,1758715682970,buy,2.236800,86.850000
3594071,1758715682970,buy,2.236900,2984.890000
3594072,1758715683281,buy,2.236200,93.170000
3594073,1758715683317,sell,2.236100,53.600000
3594074,1758715683393,sell,2.236700,1747.160000
3594075,1758715683457,sell,2.236000,15.000000
3594076,1758715683457,sell,2.235700,61.780000
3594077,1758715683457,sell,2.235600,2306.890000
3594078,1758715683519,buy,2.236700,4.760000
3594079,1758715683643,buy,2.236500,300.000000
3594080,1758715683662,sell,2.236200,10.000000
3594081,1758715683726,buy,2.236400,99.790000
3594082,1758715683728,buy,2.236300,9.160000
3594083,1758715683728,buy,2.236400,281.810000
3594084,1758715683756,buy,2.236500,2770.690000
3594085,1758715683770,sell,2.236200,328.600000
3594086,1758715684038,sell,2.236300,602.450000
3594087,1758715684136,buy,2.236500,675.760000
3594088,1758715684136,buy,2.236700,93.100000
3594089,1758715684136,buy,2.236900,448.510000
3594090,1758715684205,buy,2.237000,85.120000
3594091,1758715684349,buy,2.237000,160.620000
3594092,1758715684349,buy,2.237200,139.490000
3594093,1758715684642,buy,2.237200,3.580000
3594094,1758715684642,buy,2.237300,94.880000
3594095,1758715684642,buy,2.237400,28.950000
3594096,1758715684642,buy,2.237500,404.030000
3594097,1758715684642,buy,2.237600,27.310000
3594098,1758715684746,buy,2.237100,43.900000
3594099,1758715684746,buy,2.237200,93.040000
3594100,1758715684746,buy,2.237600,193.000000
3594101,1758715685021,buy,2.237500,630.340000
3594102,1758715685188,buy,2.237600,366.440000
3594103,1758715685188,buy,2.237700,1744.320000
3594104,1758715685396,sell,2.237600,95.760000
3594105,1758715685430,buy,2.237700,136.190000
3594106,1758715685433,buy,2.237800,135.390000
3594107,1758715685433,buy,2.238000,54.190000
3594108,1758715685433,buy,2.238100,12.550000
3594109,1758715685433,buy,2.238200,2.510000
3594110,1758715685433,buy,2.238300,90.070000
3594111,1758715685433,buy,2.238400,427.100000
3594112,1758715685433,buy,2.238500,390.830000
3594113,1758715685434,buy,2.238800,264.920000
3594114,1758715685434,buy,2.238900,115.530000
3594115,1758715685434,buy,2.239000,1413.830000
3594116,1758715685434,buy,2.239100,1033.090000
3594117,1758715685555,sell,2.238300,2.460000
3594118,1758715685748,sell,2.238600,440.100000
3594119,1758715685751,buy,2.239000,150.050000
3594120,1758715685823,sell,2.238510,70082.000000
3594121,1758715686216,buy,2.238800,65.230000
3594122,1758715686221,sell,2.238700,92.900000
3594123,1758715686242,sell,2.237500,162.270000
3594124,1758715686242,sell,2.237400,28.950000
3594125,1758715686242,sell,2.237200,94.600000
3594126,1758715686242,sell,2.237100,92.900000
3594127,1758715686242,sell,2.237000,241.880000
3594128,1758715686242,sell,2.236900,47.820000
3594129,1758715686242,sell,2.236800,86.850000
3594130,1758715686294,buy,2.237900,868.620000
3594131,1758715686294,buy,2.238000,198.460000
3594132,1758715686294,buy,2.238100,5.860000
3594133,1758715686366,sell,2.236700,12.550000
3594134,1758715686366,sell,2.236500,3.930000
3594135,1758715686366,sell,2.236400,13.620000
3594136,1758715686366,sell,2.236300,59.340000
3594137,1758715686367,buy,2.237700,224.520000
3594138,1758715686390,sell,2.236500,868.620000
3594139,1758715686418,sell,2.236300,67.030000
3594140,1758715686418,sell,2.236200,640.180000
3594141,1758715686525,sell,2.236200,90.000000
3594142,1758715686578,buy,2.236300,1724.100000
3594143,1758715686666,sell,2.236200,13.430000
3594144,1758715686710,buy,2.236300,100.750000
3594145,1758715686741,sell,2.236200,24.450000
3594146,1758715686741,sell,2.236100,167.550000
3594147,1758715686743,sell,2.235900,101.990000
3594148,1758715686775,buy,2.236000,475.260000
3594149,1758715686835,sell,2.235800,12.580000
3594150,1758715686835,sell,2.235500,293.790000
3594151,1758715686840,sell,2.235400,89.500000
3594152,1758715686840,sell,2.235300,28.950000
3594153,1758715686842,sell,2.235200,129.350000
3594154,1758715686866,sell,2.235000,579.400000
3594155,1758715686866,sell,2.234900,585.690000
3594156,1758715687008,sell,2.234900,11.600000
3594157,1758715687008,sell,2.234800,431.300000
3594158,1758715687109,buy,2.234900,5.000000
3594159,1758715687217,buy,2.235100,94.750000
3594160,1758715687220,sell,2.234800,10.250000
3594161,1758715687225,buy,2.235100,244.120000
3594162,1758715687225,buy,2.235200,116.800000
3594163,1758715687225,buy,2.235400,287.400000
3594164,1758715687225,buy,2.235500,137.880000
3594165,1758715687225,buy,2.235600,330.710000
3594166,1758715687232,sell,2.234900,895.300000
3594167,1758715687238,buy,2.235600,761.160000
3594168,1758715687280,sell,2.235000,43.900000
3594169,1758715687286,buy,2.235500,88.360000
3594170,1758715687286,buy,2.236100,4.500000
3594171,1758715687311,sell,2.235200,290.250000
3594172,1758715687383,sell,2.235400,93.020000
3594173,1758715687383,sell,2.235200,500.970000
3594174,1758715687402,sell,2.235300,85.750000
3594175,1758715687439,buy,2.235900,100.000000
3594176,1758715687624,buy,2.236000,50.000000
3594177,1758715687708,sell,2.235900,52.130000
3594178,1758715687708,sell,2.235700,378.200000
3594179,1758715687934,buy,2.235800,992.530000
3594180,1758715687934,buy,2.236000,93.130000
3594181,1758715687934,buy,2.236100,1074.250000
3594182,1758715687934,buy,2.236300,28.950000
3594183,1758715687934,buy,2.236700,12.550000
3594184,1758715687934,buy,2.236800,86.850000
3594185,1758715687934,buy,2.236900,188.150000
3594186,1758715687934,buy,2.237000,241.880000
3594187,1758715687934,buy,2.237100,635.890000
3594188,1758715687976,sell,2.235600,85.750000
3594189,1758715688019,buy,2.236200,34.860000
3594190,1758715688162,sell,2.235800,179.760000
3594191,1758715688478,buy,2.235900,164.040000
3594192,1758715688591,buy,2.235800,1072.620000
3594193,1758715688694,buy,2.235800,1150.020000
3594194,1758715688694,buy,2.235900,447.240000
3594195,1758715688694,buy,2.236200,198.700000
3594196,1758715688694,buy,2.236300,15.000000
3594197,1758715688694,buy,2.236400,1158.020000
3594198,1758715688694,buy,2.236500,1437.860000
3594199,1758715688733,sell,2.235570,26199.570000
3594200,1758715688747,buy,2.235600,22.080000
3594201,1758715688757,sell,2.235500,396.760000
3594202,1758715688757,sell,2.235400,51.850000
3594203,1758715688841,buy,2.236000,64.320000
3594204,1758715688888,sell,2.235600,1747.160000
3594205,1758715688922,sell,2.235400,128.070000
3594206,1758715688944,sell,2.235300,28.950000
3594207,1758715688944,sell,2.235200,12.290000
3594208,1758715689006,sell,2.235300,44.690000
3594209,1758715689285,sell,2.235500,15.000000
3594210,1758715689285,sell,2.235200,167.810000
3594211,1758715689285,sell,2.235100,852.270000
3594212,1758715689285,sell,2.235000,309.880000
3594213,1758715689353,buy,2.235600,503.260000
3594214,1758715689353,buy,2.235900,943.160000
3594215,1758715689357,buy,2.236000,1270.980000
3594216,1758715689358,buy,2.236300,28.950000
3594217,1758715689358,buy,2.236400,165.190000
3594218,1758715689358,buy,2.236500,1034.770000
3594219,1758715689479,buy,2.235400,93.050000
3594220,1758715689944,buy,2.235910,29586.610000
3594221,1758715690150,sell,2.236000,878.540000
3594222,1758715690150,sell,2.235900,10.000000
3594223,1758715690150,sell,2.235600,3049.760000
3594224,1758715690208,sell,2.235800,43.900000
3594225,1758715690208,sell,2.235700,4418.220000
3594226,1758715690261,sell,2.235900,93.130000
3594227,1758715690363,sell,2.236000,1788.900000
3594228,1758715690365,buy,2.236100,95.090000
3594229,1758715690531,sell,2.236200,668.210000
3594230,1758715690531,sell,2.235900,104.790000
3594231,1758715690531,sell,2.235800,255.770000
3594232,1758715690531,sell,2.235600,3731.870000
3594233,1758715690531,sell,2.235500,552.640000
3594234,1758715690552,sell,2.236300,447.260000
3594235,1758715690804,buy,2.236300,53.060000
3594236,1758715691207,buy,2.236300,43.900000
3594237,1758715691223,buy,2.236400,12.790000
3594238,1758715691326,buy,2.236300,84.820000
3594239,1758715691326,buy,2.236400,95.280000
3594240,1758715691326,buy,2.236700,12.550000
3594241,1758715691326,buy,2.236800,86.850000
3594242,1758715691326,buy,2.236900,73.480000
3594243,1758715691326,buy,2.237000,241.880000
3594244,1758715691326,buy,2.237100,80.450000
3594245,1758715691326,buy,2.237200,612.390000
3594246,1758715691595,sell,2.237000,18.250000
3594247,1758715691701,buy,2.237200,10.000000
3594248,1758715691702,buy,2.237400,72.850000
3594249,1758715691702,buy,2.237500,162.270000
3594250,1758715691702,buy,2.237600,586.750000
3594251,1758715691702,buy,2.237800,100.000000
3594252,1758715691703,buy,2.238000,10.290000
3594253,1758715691703,buy,2.238100,12.550000
3594254,1758715691703,buy,2.238200,2.510000
3594255,1758715691703,buy,2.238300,86.850000
3594256,1758715691707,buy,2.238400,61.360000
3594257,1758715691707,buy,2.238500,380.830000
3594258,1758715691806,buy,2.238600,29.670000
3594259,1758715691806,buy,2.238800,164.920000
3594260,1758715691806,buy,2.238900,102.240000
3594261,1758715692071,buy,2.239000,14.240000
3594262,1758715692075,sell,2.238900,763.000000
3594263,1758715692181,buy,2.239000,12.630000
3594264,1758715692182,buy,2.239100,31.270000
3594265,1758715692182,sell,2.238900,600.000000
3594266,1758715692194,buy,2.239100,36.730000
3594267,1758715692194,buy,2.239200,318.860000
3594268,1758715692199,sell,2.238900,300.000000
3594269,1758715692212,sell,2.239190,53786.720000
3594270,1758715692228,buy,2.239300,558.420000
3594271,1758715692243,sell,2.238900,500.000000
3594272,1758715692300,sell,2.239000,43.900000
3594273,1758715692300,sell,2.238700,50.910000
3594274,1758715692530,sell,2.239200,89.330000
3594275,1758715692593,buy,2.239300,321.680000
3594276,1758715692642,sell,2.239200,100.000000
3594277,1758715692649,buy,2.239300,43.490000
3594278,1758715692861,buy,2.239400,105.800000
3594279,1758715692861,buy,2.239500,67.470000
3594280,1758715692861,buy,2.239600,12.550000
3594281,1758715692861,buy,2.239700,225.090000
3594282,1758715692895,buy,2.239800,43.810000
3594283,1758715692908,buy,2.239900,44.910000
3594284,1758715692939,buy,2.240000,606.700000
3594285,1758715692951,buy,2.240100,509.940000
3594286,1758715692951,buy,2.240200,864.250000
3594287,1758715692951,buy,2.240300,30.890000
3594288,1758715692951,buy,2.240400,5109.580000
3594289,1758715692952,buy,2.240600,773.670000
3594290,1758715692975,buy,2.240800,7.100000
3594291,1758715693040,buy,2.240100,94.640000
3594292,1758715693040,buy,2.240700,4231.910000
3594293,1758715693224,buy,2.240700,43.900000
3594294,1758715693224,buy,2.240800,75.870000
3594295,1758715693372,sell,2.240100,43.900000
3594296,1758715693372,sell,2.240000,148.240000
3594297,1758715693544,buy,2.239900,44.650000
3594298,1758715693681,buy,2.239900,48.140000
3594299,1758715694006,sell,2.240100,285.530000
3594300,1758715694083,buy,2.240400,92.720000
3594301,1758715694083,buy,2.240600,130.790000
3594302,1758715694089,sell,2.240200,116.060000
3594303,1758715695073,sell,2.240300,66.000000
3594304,1758715695237,buy,2.240700,43.900000
3594305,1758715695237,buy,2.240800,69.830000
3594306,1758715695237,buy,2.240900,88.500000
3594307,1758715695263,sell,2.240300,78.090000
3594308,1758715695375,buy,2.240300,100.940000
3594309,1758715695508,buy,2.240600,100.000000
3594310,1758715695879,sell,2.240200,15.000000
3594311,1758715695879,sell,2.239900,21.910000
3594312,1758715695879,sell,2.239800,92.660000
3594313,1758715696019,sell,2.239500,28.950000
3594314,1758715696020,sell,2.239000,113.900000
3594315,1758715696020,sell,2.238900,98.520000
3594316,1758715696020,sell,2.238800,162.270000
3594317,1758715696021,sell,2.238600,39.670000
3594318,1758715696021,sell,2.238500,368.250000
3594319,1758715696021,sell,2.238400,61.360000
3594320,1758715696021,sell,2.238300,86.850000
3594321,1758715696021,sell,2.238200,2.510000
3594322,1758715696021,sell,2.238100,12.550000
3594323,1758715696023,sell,2.238000,10.290000
3594324,1758715696023,sell,2.237800,100.000000
3594325,1758715696089,sell,2.237600,586.750000
3594326,1758715696089,sell,2.237500,1377.160000
3594327,1758715696090,sell,2.237400,28.950000
3594328,1758715696090,sell,2.237200,27.070000
3594329,1758715696090,sell,2.237100,912.530000
3594330,1758715696090,sell,2.237000,245.740000
3594331,1758715696090,sell,2.236900,87.140000
3594332,1758715696090,sell,2.236800,86.850000
3594333,1758715696090,sell,2.236700,1027.050000
3594334,1758715696090,sell,2.236600,10.000000
3594335,1758715696090,sell,2.236500,3.930000
3594336,1758715696090,sell,2.236400,1606.780000
3594337,1758715696090,sell,2.236300,126.370000
3594338,1758715696090,sell,2.236100,486.590000
3594339,1758715696090,sell,2.236000,968.540000
3594340,1758715696090,sell,2.235900,111.990000
3594341,1758715696090,sell,2.235800,12.580000
3594342,1758715696090,sell,2.235600,25.860000
3594343,1758715696090,sell,2.235500,874.250000
3594344,1758715696090,sell,2.235400,137.710000
3594345,1758715696090,sell,2.235300,911.070000
3594346,1758715696090,sell,2.235200,1153.530000
3594347,1758715696093,buy,2.235200,1115.550000
3594348,1758715696100,sell,2.235000,10.000000
3594349,1758715696111,sell,2.235100,20.000000
3594350,1758715696236,buy,2.235200,4385.060000
3594351,1758715696252,sell,2.235100,100.000000
3594352,1758715696271,buy,2.235160,50757.480000
3594353,1758715696310,sell,2.235100,224.300000
3594354,1758715696358,buy,2.235200,6060.310000
3594355,1758715696361,buy,2.236300,28.950000
3594356,1758715696361,buy,2.236700,12.550000
3594357,1758715696361,buy,2.236800,86.850000
3594358,1758715696361,buy,2.236900,73.480000
3594359,1758715696363,buy,2.237000,102.430000
3594360,1758715696365,buy,2.235200,201.830000
3594361,1758715696380,sell,2.235800,100.000000
3594362,1758715696423,buy,2.236300,28.950000
3594363,1758715696423,buy,2.236700,12.550000
3594364,1758715696423,buy,2.236800,86.850000
3594365,1758715696436,buy,2.236900,73.480000
3594366,1758715696436,buy,2.237000,59.170000
3594367,1758715696554,buy,2.236400,2000.000000
3594368,1758715696655,buy,2.236400,1121.670000
3594369,1758715696792,sell,2.236300,43.900000
3594370,1758715696796,sell,2.236200,110.660000
3594371,1758715696796,sell,2.235500,43.810000
3594372,1758715696796,sell,2.235400,86.850000
3594373,1758715696804,sell,2.235300,28.950000
3594374,1758715696804,sell,2.235200,24.810000
3594375,1758715696809,buy,2.235600,92.730000
3594376,1758715696847,buy,2.235300,209.690000
3594377,1758715696895,sell,2.235200,17.410000
3594378,1758715696895,sell,2.235100,100.000000
3594379,1758715696895,sell,2.235000,5660.510000
3594380,1758715696949,buy,2.235200,94.640000
3594381,1758715696977,sell,2.235000,4523.120000
3594382,1758715697014,buy,2.235100,94.640000
3594383,1758715697014,sell,2.235000,22143.040000
3594384,1758715697136,sell,2.235000,1053.560000
3594385,1758715697175,buy,2.235100,4.460000
3594386,1758715697182,sell,2.235000,260.770000
3594387,1758715697295,sell,2.235000,1792.000000
3594388,1758715697296,buy,2.235100,100.000000
3594389,1758715697299,sell,2.235000,118.540000
3594390,1758715697333,buy,2.235100,447.260000
3594391,1758715697342,sell,2.235000,542.430000
3594392,1758715697377,buy,2.235100,811.590000
3594393,1758715697385,sell,2.235000,3159.460000
3594394,1758715697447,buy,2.235100,92.950000
3594395,1758715697513,sell,2.235000,529.300000
3594396,1758715697614,sell,2.235000,3445.360000
3594397,1758715697686,sell,2.234900,400.450000
3594398,1758715697724,buy,2.235100,100.000000
3594399,1758715697929,sell,2.234900,66.780000
3594400,1758715698045,buy,2.235000,296.060000
3594401,1758715698045,buy,2.235400,198.980000
3594402,1758715698045,buy,2.235600,2141.140000
3594403,1758715698046,sell,2.234900,130.060000
3594404,1758715698048,sell,2.234800,203.190000
3594405,1758715698048,sell,2.234600,148.620000
3594406,1758715698061,buy,2.235000,458.720000
3594407,1758715698061,buy,2.235600,307.520000
3594408,1758715698162,buy,2.234900,100.000000
3594409,1758715698240,sell,2.234600,457.220000
3594410,1758715698262,buy,2.234700,85.080000
3594411,1758715698539,buy,2.234700,78.090000
3594412,1758715698539,sell,2.234600,81.370000
3594413,1758715698580,buy,2.234700,40.030000
3594414,1758715698580,buy,2.235100,59.970000
3594415,1758715698893,buy,2.236100,355.260000
3594416,1758715698893,buy,2.236300,137.200000
3594417,1758715698893,buy,2.236400,66.190000
3594418,1758715698970,sell,2.236000,56.520000
3594419,1758715698997,buy,2.236700,12.550000
3594420,1758715698997,buy,2.236800,86.850000
3594421,1758715698997,buy,2.236900,77.490000
3594422,1758715699270,buy,2.237000,80.280000
3594423,1758715699270,buy,2.237400,28.950000
3594424,1758715699270,buy,2.237500,162.270000
3594425,1758715699270,buy,2.237600,586.750000
3594426,1758715699270,buy,2.238000,10.290000
3594427,1758715699270,buy,2.238100,211.010000
3594428,1758715699270,buy,2.238200,2.510000
3594429,1758715699270,buy,2.238300,86.850000
3594430,1758715699270,buy,2.238400,61.360000
3594431,1758715699270,buy,2.238500,390.830000
3594432,1758715699270,buy,2.238600,29.670000
3594433,1758715699270,buy,2.238800,164.920000
3594434,1758715699270,buy,2.238900,211.930000
3594435,1758715699270,buy,2.239000,4.520000
3594436,1758715699270,buy,2.239100,670.240000
3594437,1758715699270,buy,2.239200,2247.140000
3594438,1758715699340,sell,2.237500,162.270000
3594439,1758715699359,buy,2.238000,26.600000
3594440,1758715699463,sell,2.237500,43.900000
3594441,1758715699463,sell,2.237400,28.950000
3594442,1758715699463,sell,2.237000,241.880000
3594443,1758715699463,sell,2.236900,77.490000
3594444,1758715699463,sell,2.236800,86.850000
3594445,1758715699463,sell,2.236700,12.550000
3594446,1758715699463,sell,2.236500,3.930000
3594447,1758715699463,sell,2.236400,13.620000
3594448,1758715699463,sell,2.236300,124.940000
3594449,1758715699757,buy,2.236600,128.950000
3594450,1758715699775,buy,2.237400,100.000000
3594451,1758715699782,sell,2.236500,533.900000
3594452,1758715699782,sell,2.236400,44.930000
3594453,1758715700176,buy,2.237300,2.460000
3594454,1758715700181,sell,2.236800,93.310000
3594455,1758715700181,sell,2.236700,1373.890000
3594456,1758715700301,sell,2.236880,132714.110000
3594457,1758715700645,buy,2.237100,92.860000
3594458,1758715700652,buy,2.237200,10.000000
3594459,1758715700777,sell,2.237300,43.900000
3594460,1758715700777,sell,2.237100,56.100000
3594461,1758715701088,sell,2.237300,98.450000
3594462,1758715701088,sell,2.237200,125.070000
3594463,1758715701149,buy,2.237700,43.900000
3594464,1758715701149,buy,2.237900,100.000000
3594465,1758715701149,buy,2.238100,150.790000
3594466,1758715701149,buy,2.238200,304.460000
3594467,1758715701306,sell,2.238200,100.000000
3594468,1758715701374,buy,2.238300,86.850000
3594469,1758715701374,buy,2.238400,61.360000
3594470,1758715701374,buy,2.238500,460.290000
3594471,1758715701374,buy,2.238600,29.670000
3594472,1758715701374,buy,2.238800,590.370000
3594473,1758715701374,buy,2.238900,2487.050000
3594474,1758715701374,buy,2.239300,38.210000
3594475,1758715701374,buy,2.239400,22.950000
3594476,1758715701374,buy,2.239500,128.950000
3594477,1758715701374,buy,2.239600,1490.100000
3594478,1758715701385,sell,2.238500,28.950000
3594479,1758715701385,sell,2.238000,1586.540000
3594480,1758715701385,sell,2.237900,2856.780000
3594481,1758715701425,sell,2.238000,92.790000
3594482,1758715701552,sell,2.238300,100.000000
3594483,1758715701616,buy,2.238900,25.980000
3594484,1758715701650,sell,2.238800,10.000000
3594485,1758715701756,buy,2.239200,498.160000
3594486,1758715702048,sell,2.239000,10.000000
3594487,1758715702173,sell,2.238200,43.030000
3594488,1758715702373,buy,2.238300,66.770000
3594489,1758715702640,buy,2.238400,30.000000
3594490,1758715702820,buy,2.238200,650.210000
3594491,1758715702820,buy,2.238300,2649.180000
3594492,1758715702887,sell,2.237800,868.620000
3594493,1758715702888,sell,2.237600,761.280000
3594494,1758715703144,sell,2.237700,87.490000
3594495,1758715703144,sell,2.237600,250.900000
3594496,1758715703374,buy,2.238500,92.710000
3594497,1758715703374,buy,2.239200,198.150000
3594498,1758715703374,buy,2.239500,43.740000
3594499,1758715703374,buy,2.239600,107.050000
3594500,1758715703374,buy,2.239700,86.850000
3594501,1758715703374,buy,2.239800,282.050000
3594502,1758715703374,buy,2.239900,223.340000
3594503,1758715703618,buy,2.238800,170.860000
3594504,1758715703717,sell,2.238600,105.000000
3594505,1758715703717,sell,2.238500,28.950000
3594506,1758715703717,sell,2.238400,182.050000
3594507,1758715703717,sell,2.238300,684.000000
3594508,1758715703757,buy,2.238900,44.670000
3594509,1758715703901,sell,2.238300,271.470000
3594510,1758715703901,sell,2.238200,153.240000
3594511,1758715703901,sell,2.238100,12.550000
3594512,1758715703901,sell,2.238000,365.380000
3594513,1758715704012,buy,2.238700,198.150000
3594514,1758715704012,buy,2.238800,43.900000
3594515,1758715704012,buy,2.239000,92.640000
3594516,1758715704012,buy,2.239100,524.230000
3594517,1758715704012,buy,2.239200,185.730000
3594518,1758715704171,buy,2.239100,15.000000
3594519,1758715704171,buy,2.239200,382.140000
3594520,1758715704201,buy,2.239100,255.440000
3594521,1758715704201,buy,2.239200,95.440000
3594522,1758715704201,buy,2.239300,138.240000
3594523,1758715704201,buy,2.239400,868.620000
3594524,1758715704201,buy,2.239500,28.950000
3594525,1758715704201,buy,2.239600,12.550000
3594526,1758715704201,buy,2.239700,86.850000
3594527,1758715704201,buy,2.239800,138.810000
3594528,1758715704201,buy,2.239900,96.480000
3594529,1758715704201,buy,2.240000,534.530000
3594530,1758715704581,sell,2.239500,5.000000
3594531,1758715704623,buy,2.240000,126.790000
3594532,1758715704637,sell,2.239500,873.540000
3594533,1758715704637,sell,2.239300,868.620000
3594534,1758715704637,sell,2.239100,1385.210000
3594535,1758715705135,sell,2.239000,138.240000
3594536,1758715705135,sell,2.238800,93.000000
3594537,1758715705135,sell,2.238700,2.480000
3594538,1758715705282,buy,2.239050,60989.630000
3594539,1758715705787,buy,2.239300,43.900000
3594540,1758715705959,sell,2.239200,56.250000
3594541,1758715706024,buy,2.239300,1585.660000
3594542,1758715706024,buy,2.239400,291.870000
3594543,1758715706024,buy,2.239500,185.160000
3594544,1758715706024,buy,2.239600,138.240000
3594545,1758715706024,buy,2.239700,1897.810000
3594546,1758715706024,buy,2.239800,94.770000
3594547,1758715706024,buy,2.239900,878.540000
3594548,1758715706024,buy,2.240000,3.580000
3594549,1758715706024,buy,2.240100,509.940000
3594550,1758715706024,buy,2.240200,795.510000
3594551,1758715706024,buy,2.240300,30.890000
3594552,1758715706024,buy,2.240400,895.640000
3594553,1758715706024,buy,2.240600,907.490000
3594554,1758715706024,buy,2.240700,94.360000
3594555,1758715706024,buy,2.240800,749.730000
3594556,1758715706024,buy,2.240900,51.650000
3594557,1758715706024,buy,2.241000,53.060000
3594558,1758715706024,buy,2.241100,99.400000
3594559,1758715706024,buy,2.241200,483.610000
3594560,1758715706024,buy,2.241300,253.090000
3594561,1758715706042,buy,2.239700,130.660000
3594562,1758715706221,sell,2.239700,43.900000
3594563,1758715706228,sell,2.239600,12.550000
3594564,1758715706228,sell,2.239500,28.950000
3594565,1758715706228,sell,2.239200,34.270000
3594566,1758715706652,sell,2.239700,104.750000
3594567,1758715706652,sell,2.239500,1747.160000
3594568,1758715706652,sell,2.239300,15.000000
3594569,1758715706652,sell,2.239200,93.960000
3594570,1758715706652,sell,2.239100,2424.190000
3594571,1758715706881,buy,2.240000,184.970000
3594572,1758715706915,buy,2.240500,1264.140000
3594573,1758715707180,sell,2.239900,276.240000
3594574,1758715707336,buy,2.240200,12.890000
3594575,1758715707455,buy,2.240200,2.110000
3594576,1758715707637,sell,2.240400,200.000000
3594577,1758715707812,buy,2.240500,92.350000
3594578,1758715707812,buy,2.240600,28.950000
3594579,1758715707812,buy,2.241100,99.400000
3594580,1758715707812,buy,2.241300,43.810000
3594581,1758715707813,buy,2.241400,15.820000
3594582,1758715707813,buy,2.241500,195.060000
3594583,1758715707813,buy,2.241600,706.210000
3594584,1758715707813,buy,2.241700,295.300000
3594585,1758715707813,buy,2.241800,362.140000
3594586,1758715707813,buy,2.241900,121.370000
3594587,1758715707867,buy,2.242000,141.720000
3594588,1758715707912,buy,2.242100,312.730000
3594589,1758715708000,buy,2.242200,436.230000
3594590,1758715708000,buy,2.242300,200.320000
3594591,1758715708000,buy,2.242400,441.850000
3594592,1758715708000,buy,2.242500,1361.900000
3594593,1758715708020,sell,2.241700,9.750000
3594594,1758715708201,sell,2.242000,200.000000
3594595,1758715708302,sell,2.242100,25.980000
3594596,1758715708363,buy,2.242600,385.760000
3594597,1758715708363,buy,2.242700,71.460000
3594598,1758715708515,sell,2.242000,138.130000
3594599,1758715708515,sell,2.241400,4681.140000
3594600,1758715708602,sell,2.241500,43.900000
3594601,1758715708602,sell,2.241300,43.810000
3594602,1758715708602,sell,2.241200,4.570000
3594603,1758715708863,sell,2.241400,138.130000
3594604,1758715708929,sell,2.241200,990.770000
3594605,1758715708929,sell,2.241100,678.750000
3594606,1758715708979,sell,2.241200,34.670000
3594607,1758715709089,sell,2.241500,92.280000
3594608,1758715709535,sell,2.241600,1155.580000
3594609,1758715709674,sell,2.241600,40.000000
3594610,1758715709674,sell,2.241400,15.000000
3594611,1758715709674,sell,2.241000,145.000000
3594612,1758715709928,buy,2.241700,8.800000
3594613,1758715709928,buy,2.241900,392.680000
3594614,1758715709967,buy,2.241600,62075.390000
3594615,1758715710072,sell,2.241400,138.130000
3594616,1758715710072,sell,2.241300,127.090000
3594617,1758715710189,buy,2.242000,92.150000
3594618,1758715710189,buy,2.242100,10.000000
3594619,1758715710189,buy,2.242200,597.850000
3594620,1758715710210,sell,2.241900,4043.840000
3594621,1758715710381,sell,2.242400,223.510000
3594622,1758715710555,sell,2.242400,333.810000
3594623,1758715710666,buy,2.242000,44.610000
3594624,1758715710840,sell,2.241900,98.230000
3594625,1758715710877,sell,2.241400,92.090000
3594626,1758715710877,sell,2.241300,100.000000
3594627,1758715710877,sell,2.240600,7.910000
3594628,1758715710878,buy,2.241500,119.100000
3594629,1758715710961,buy,2.240700,308.240000
3594630,1758715711100,buy,2.240700,175.570000
3594631,1758715711176,sell,2.240600,115.030000
3594632,1758715711176,sell,2.240500,672.830000
3594633,1758715711381,sell,2.240400,17.550000
3594634,1758715711381,sell,2.240300,2.510000
3594635,1758715711381,sell,2.240200,191.940000
3594636,1758715711439,sell,2.240100,241.880000
3594637,1758715711439,sell,2.240000,20.290000
3594638,1758715711439,sell,2.239900,27.070000
3594639,1758715711564,sell,2.239800,43.810000
3594640,1758715711614,buy,2.239800,370.080000
3594641,1758715711614,buy,2.239900,2418.150000
3594642,1758715711672,buy,2.239800,92.150000
3594643,1758715711684,sell,2.239700,90.430000
3594644,1758715711684,sell,2.239600,12.550000
3594645,1758715711706,sell,2.239500,28.950000
3594646,1758715711706,sell,2.239200,0.820000
3594647,1758715711828,buy,2.239300,46.530000
3594648,1758715711875,sell,2.239200,306.320000
3594649,1758715711962,sell,2.239100,268.930000
3594650,1758715711964,sell,2.239000,4.520000
3594651,1758715711964,sell,2.238900,95.710000
3594652,1758715711966,sell,2.238800,164.920000
3594653,1758715712001,sell,2.238600,39.670000
3594654,1758715712001,sell,2.238500,380.830000
3594655,1758715712001,sell,2.238400,49.380000
3594656,1758715712104,sell,2.238400,21.880000
3594657,1758715712104,sell,2.238300,78.120000
3594658,1758715712149,buy,2.238500,94.130000
3594659,1758715712247,sell,2.238300,8.730000
3594660,1758715712247,sell,2.238200,2.510000
3594661,1758715712247,sell,2.238100,12.550000
3594662,1758715712247,sell,2.238000,54.190000
3594663,1758715712247,sell,2.237800,22.020000
3594664,1758715712262,sell,2.238240,39045.230000
3594665,1758715712266,sell,2.238000,43.900000
3594666,1758715712289,buy,2.238400,35.490000
3594667,1758715712320,buy,2.238300,76.240000
3594668,1758715712463,buy,2.238300,59.330000
3594669,1758715712666,buy,2.239300,4000.000000
3594670,1758715712767,sell,2.238400,10.000000
3594671,1758715712767,sell,2.238300,190.000000
3594672,1758715712832,sell,2.238700,50.000000
3594673,1758715712835,buy,2.239100,6.630000
3594674,1758715712835,buy,2.239200,157.750000
3594675,1758715712846,sell,2.238700,100.000000
3594676,1758715713063,buy,2.238800,92.360000
3594677,1758715713063,buy,2.239400,529.630000
3594678,1758715713160,buy,2.239500,43.950000
3594679,1758715713160,buy,2.239600,201.170000
3594680,1758715713160,buy,2.239700,86.850000
3594681,1758715713160,buy,2.239800,43.810000
3594682,1758715713160,buy,2.240000,10.290000
3594683,1758715713160,buy,2.240100,331.720000
3594684,1758715713160,buy,2.240200,191.940000
3594685,1758715713160,buy,2.240300,2.510000
3594686,1758715713160,buy,2.240400,868.260000
3594687,1758715713274,buy,2.240400,793.870000
3594688,1758715713274,buy,2.240500,3803.120000
3594689,1758715713274,buy,2.240600,236.460000
3594690,1758715713274,buy,2.240800,1844.580000
3594691,1758715713274,buy,2.240900,4.010000
3594692,1758715713274,buy,2.241000,113.870000
3594693,1758715713274,buy,2.241100,1042.310000
3594694,1758715713274,buy,2.241200,320.770000
3594695,1758715713274,buy,2.241300,53.810000
3594696,1758715713274,buy,2.241400,3.580000
3594697,1758715713274,buy,2.241500,959.970000
3594698,1758715713277,sell,2.239700,930.730000
3594699,1758715713524,sell,2.240000,43.900000
3594700,1758715713524,sell,2.239900,95.790000
3594701,1758715713524,sell,2.239800,360.860000
3594702,1758715713524,sell,2.239700,93.820000
3594703,1758715713852,sell,2.239700,92.290000
3594704,1758715714116,buy,2.240600,53.210000
3594705,1758715714120,sell,2.239800,44.610000
3594706,1758715714242,sell,2.239700,48.930000
3594707,1758715714294,sell,2.239800,43.900000
3594708,1758715714294,sell,2.239700,1029.040000
3594709,1758715714318,buy,2.240300,57.800000
3594710,1758715714371,sell,2.239700,219.290000
3594711,1758715714802,sell,2.239700,200.000000
3594712,1758715714926,sell,2.240100,90.740000
3594713,1758715715137,buy,2.240200,184.420000
3594714,1758715715199,sell,2.240500,500.000000
3594715,1758715715225,buy,2.240500,17246.290000
3594716,1758715715258,sell,2.240600,43.900000
3594717,1758715715258,sell,2.240500,156.100000
3594718,1758715715357,buy,2.240700,94.080000
3594719,1758715715595,buy,2.240400,64.320000
3594720,1758715715684,sell,2.239900,10.000000
3594721,1758715715837,buy,2.240100,853.220000
3594722,1758715715837,buy,2.240300,197.470000
3594723,1758715715837,buy,2.240700,64.670000
3594724,1758715715931,buy,2.240600,47.040000
3594725,1758715716021,buy,2.240700,27.420000
3594726,1758715716021,buy,2.240800,93.290000
3594727,1758715716021,buy,2.240900,197.380000
3594728,1758715716021,buy,2.241100,11.220000
3594729,1758715716041,sell,2.239900,43.900000
3594730,1758715716148,sell,2.239900,89.300000
3594731,1758715716312,sell,2.239900,16.400000
3594732,1758715716364,buy,2.240500,185.160000
3594733,1758715716364,buy,2.240600,15.630000
3594734,1758715716436,sell,2.240100,92.030000
3594735,1758715716436,sell,2.239900,434.950000
3594736,1758715716436,sell,2.239800,473.020000
3594737,1758715716605,buy,2.240230,51928.770000
3594738,1758715716634,sell,2.240100,92.030000
3594739,1758715716634,sell,2.239900,43.900000
3594740,1758715716635,sell,2.239800,67.380000
3594741,1758715716730,buy,2.240300,197.410000
3594742,1758715716776,buy,2.240400,103.700000
3594743,1758715716839,buy,2.240300,679.200000
3594744,1758715716839,buy,2.240500,125.730000
3594745,1758715716839,buy,2.240600,138.130000
3594746,1758715716839,buy,2.240700,151.170000
3594747,1758715717276,buy,2.239900,197.440000
3594748,1758715717276,buy,2.240300,88.090000
3594749,1758715717657,buy,2.240500,43.900000
3594750,1758715717657,buy,2.240600,92.150000
3594751,1758715717657,buy,2.240800,138.130000
3594752,1758715717657,buy,2.240900,15.000000
3594753,1758715717657,buy,2.241000,10.820000
3594754,1758715717721,buy,2.241100,75.630000
3594755,1758715717721,buy,2.241200,510.000000
3594756,1758715717721,buy,2.241300,43.810000
3594757,1758715717721,buy,2.241400,87.410000
3594758,1758715717721,buy,2.241500,1212.870000
3594759,1758715717885,sell,2.241100,43.900000
3594760,1758715717885,sell,2.240600,380.220000
3594761,1758715717890,buy,2.241500,113.930000
3594762,1758715717984,sell,2.240900,140.280000
3594763,1758715717984,sell,2.240300,841.620000
3594764,1758715718233,buy,2.240500,197.290000
3594765,1758715718257,buy,2.240700,528.820000
3594766,1758715718362,sell,2.240600,87.330000
3594767,1758715718503,sell,2.240700,10.940000
3594768,1758715718503,sell,2.240600,69.060000
3594769,1758715718929,sell,2.241000,200.000000
3594770,1758715719105,sell,2.241000,500.000000
3594771,1758715719279,buy,2.241100,92.080000
3594772,1758715719296,buy,2.241300,95.460000
3594773,1758715719353,sell,2.241300,3968.530000
3594774,1758715719411,sell,2.241400,1044.650000
3594775,1758715719815,buy,2.241500,306.430000
3594776,1758715720037,buy,2.241500,1529.040000
3594777,1758715720037,buy,2.241600,333.900000
3594778,1758715720037,buy,2.241700,28.950000
3594779,1758715720037,buy,2.241800,93.940000
3594780,1758715720041,buy,2.241600,1008.450000
3594781,1758715720059,buy,2.241900,121.370000
3594782,1758715720063,sell,2.241730,91347.780000
3594783,1758715720428,sell,2.241500,15.000000
3594784,1758715720428,sell,2.241000,185.000000
3594785,1758715720525,buy,2.241400,36.200000
3594786,1758715720525,buy,2.241500,700.000000
3594787,1758715720525,buy,2.242000,43.900000
3594788,1758715720525,buy,2.242100,10.290000
3594789,1758715720525,buy,2.242200,269.080000
3594790,1758715720525,buy,2.242400,205.230000
3594791,1758715720525,buy,2.242500,895.590000
3594792,1758715720525,buy,2.242600,69.240000
3594793,1758715720616,sell,2.241200,138.130000
3594794,1758715720616,sell,2.241100,527.870000
3594795,1758715720847,buy,2.241800,315.320000
3594796,1758715721078,buy,2.241800,259.140000
3594797,1758715721078,buy,2.241900,240.980000
3594798,1758715721173,buy,2.242100,11.220000
3594799,1758715721191,buy,2.242000,44.610000
3594800,1758715721235,sell,2.241100,12.550000
3594801,1758715721235,sell,2.241000,9.750000
3594802,1758715721591,sell,2.241100,181.810000
3594803,1758715721591,sell,2.241000,9.570000
3594804,1758715721596,buy,2.241600,125.370000
3594805,1758715721795,buy,2.241900,240.980000
3594806,1758715721795,buy,2.242000,15.000000
3594807,1758715721795,buy,2.242400,137.910000
3594808,1758715721795,buy,2.242500,150.460000
3594809,1758715721795,buy,2.242600,458.930000
3594810,1758715722093,buy,2.242100,334.380000
3594811,1758715722145,sell,2.241600,137.910000
3594812,1758715722199,buy,2.241800,32.190000
3594813,1758715722248,buy,2.241700,761.800000
3594814,1758715722248,buy,2.241800,172.780000
3594815,1758715722278,sell,2.241600,15.000000
3594816,1758715722278,sell,2.241500,91.930000
3594817,1758715722278,sell,2.241300,10.000000
3594818,1758715722278,sell,2.241100,328.840000
3594819,1758715722278,sell,2.240800,1747.160000
3594820,1758715722294,sell,2.240700,2853.800000
3594821,1758715722294,sell,2.240600,560.160000
3594822,1758715722301,sell,2.240400,17.550000
3594823,1758715722301,sell,2.240300,107.050000
3594824,1758715722301,sell,2.240200,191.940000
3594825,1758715722301,sell,2.240100,4281.290000
3594826,1758715722301,sell,2.240000,20.290000
3594827,1758715722301,sell,2.239900,221.210000
3594828,1758715722308,sell,2.240700,525.610000
3594829,1758715722308,sell,2.239900,190.230000
3594830,1758715722308,sell,2.239800,43.810000
3594831,1758715722308,sell,2.239700,4240.350000
3594832,1758715722315,sell,2.240800,6.720000
3594833,1758715722315,sell,2.240000,5600.000000
3594834,1758715722321,sell,2.239700,13842.410000
3594835,1758715722334,sell,2.239600,12.550000
3594836,1758715722334,sell,2.239500,38.950000
3594837,1758715722334,sell,2.239400,301.940000
3594838,1758715722334,sell,2.239100,266.430000
3594839,1758715722334,sell,2.239000,5185.520000
3594840,1758715722348,sell,2.238900,99.290000
3594841,1758715722348,sell,2.238800,633.200000
3594842,1758715722348,sell,2.238700,344.680000
3594843,1758715722348,sell,2.238600,249.360000
3594844,1758715722348,sell,2.238500,380.830000
3594845,1758715722348,sell,2.238400,81.260000
3594846,1758715722348,sell,2.238300,86.850000
3594847,1758715722348,sell,2.238200,2.510000
3594848,1758715722348,sell,2.238100,12.550000
3594849,1758715722348,sell,2.238000,932.730000
3594850,1758715722348,sell,2.237800,855.440000
3594851,1758715722348,sell,2.237700,1316.780000
3594852,1758715722354,sell,2.239000,446.620000
3594853,1758715722354,sell,2.237700,493.610000
3594854,1758715722354,sell,2.237600,14159.770000
3594855,1758715722373,sell,2.237800,722.100000
3594856,1758715722373,sell,2.237700,694.650000
3594857,1758715722373,sell,2.237600,6131.160000
3594858,1758715722379,sell,2.237500,167.700000
3594859,1758715722379,sell,2.237400,313.520000
3594860,1758715722379,sell,2.237300,10.000000
3594861,1758715722379,sell,2.237200,27.070000
3594862,1758715722379,sell,2.237100,355.950000
3594863,1758715722379,sell,2.237000,1577.850000
3594864,1758715722385,sell,2.239400,8622.400000
3594865,1758715722393,sell,2.237900,429.250000
3594866,1758715722393,sell,2.237700,704.400000
3594867,1758715722393,sell,2.237500,162.270000
3594868,1758715722393,sell,2.237400,28.950000
3594869,1758715722393,sell,2.237000,485.830000
3594870,1758715722400,sell,2.237700,265.380000
3594871,1758715722400,sell,2.237000,2904.410000
3594872,1758715722630,buy,2.238500,28.950000
3594873,1758715722630,buy,2.238800,162.270000
3594874,1758715722630,buy,2.239100,4829.000000
3594875,1758715722631,buy,2.239400,90.690000
3594876,1758715722631,buy,2.239500,28.950000
3594877,1758715722631,buy,2.239600,12.550000
3594878,1758715722633,buy,2.239700,86.850000
3594879,1758715722633,buy,2.239800,43.810000
3594880,1758715722633,buy,2.239900,17.070000
3594881,1758715722634,buy,2.240000,152.060000
3594882,1758715722634,buy,2.240100,340.250000
3594883,1758715722634,buy,2.240200,1293.080000
3594884,1758715722652,sell,2.239900,100.000000
3594885,1758715722676,buy,2.240200,5.000000
3594886,1758715722750,buy,2.240300,2.510000
3594887,1758715722750,buy,2.240400,17.550000
3594888,1758715722750,buy,2.240500,648.680000
3594889,1758715722848,buy,2.240400,4.810000
3594890,1758715722960,sell,2.240000,91.670000
3594891,1758715722960,sell,2.239900,8.330000
3594892,1758715722993,buy,2.240000,1630.130000
3594893,1758715723063,buy,2.240100,91.990000
3594894,1758715723157,buy,2.240000,223.100000
3594895,1758715723180,sell,2.239900,7957.640000
3594896,1758715723576,sell,2.239900,4774.290000
3594897,1758715723696,buy,2.240000,1084.150000
3594898,1758715723736,sell,2.239900,692.680000
3594899,1758715723873,buy,2.240000,7.690000
3594900,1758715723928,sell,2.239900,1779.910000
3594901,1758715724062,sell,2.239900,4130.610000
3594902,1758715724325,buy,2.240000,43.900000
3594903,1758715724545,sell,2.239900,461.780000
3594904,1758715724647,buy,2.240000,400.000000
3594905,1758715724689,sell,2.239900,5395.800000
3594906,1758715724779,buy,2.239950,22587.190000
3594907,1758715724782,buy,2.240000,3.560000
3594908,1758715725008,buy,2.240000,393.440000
3594909,1758715725175,sell,2.239900,43.900000
3594910,1758715725664,buy,2.240000,155.720000
3594911,1758715725792,sell,2.239900,200.000000
3594912,1758715725808,buy,2.240000,43.900000
3594913,1758715725958,buy,2.239900,110629.470000
3594914,1758715725978,buy,2.240000,5944.160000
3594915,1758715726095,buy,2.240000,458.940000
3594916,1758715726186,sell,2.239900,200.000000
3594917,1758715726363,buy,2.240000,3956.060000
3594918,1758715726470,buy,2.240000,43.900000
3594919,1758715726579,buy,2.240000,2335.630000
3594920,1758715726689,buy,2.240000,5616.980000
3594921,1758715726826,buy,2.240000,105.390000
3594922,1758715726952,buy,2.240000,2919.330000
3594923,1758715726990,buy,2.240100,1785.630000
3594924,1758715726990,buy,2.240200,15.000000
3594925,1758715727056,buy,2.240600,121.050000
3594926,1758715727056,buy,2.240700,3.580000
3594927,1758715727056,buy,2.240800,51.850000
3594928,1758715727268,buy,2.240800,89.470000
3594929,1758715727268,buy,2.240900,4.010000
3594930,1758715727268,buy,2.241000,206.520000
3594931,1758715727285,sell,2.240700,3610.580000
3594932,1758715727285,sell,2.240200,648.680000
3594933,1758715727285,sell,2.240000,11.510000
3594934,1758715727285,sell,2.239900,3528.950000
3594935,1758715727679,buy,2.241100,2.240000
3594936,1758715727723,sell,2.240400,10.000000
3594937,1758715728138,buy,2.240700,44.640000
3594938,1758715728311,sell,2.240500,15.000000
3594939,1758715728311,sell,2.240000,1.100000
3594940,1758715728437,sell,2.240000,199.550000
3594941,1758715728437,sell,2.239900,566.690000
3594942,1758715728847,sell,2.240000,137.910000
3594943,1758715728847,sell,2.239900,180.830000
3594944,1758715728885,buy,2.240100,115.160000
3594945,1758715729056,buy,2.240000,83.060000
3594946,1758715729157,buy,2.240000,4550.720000
3594947,1758715729468,sell,2.239900,10.000000
3594948,1758715729601,buy,2.240000,707.010000
3594949,1758715729817,sell,2.239900,6396.480000
3594950,1758715729926,sell,2.239900,680.320000
3594951,1758715730108,buy,2.240000,43.900000
3594952,1758715730188,sell,2.239940,45993.730000
3594953,1758715730276,buy,2.240000,3125.000000
3594954,1758715730285,sell,2.239900,4366.430000
3594955,1758715730557,sell,2.240000,358.570000
3594956,1758715730580,sell,2.240200,306.430000
3594957,1758715730591,buy,2.240300,15.000000
3594958,1758715730645,buy,2.240500,8.920000
3594959,1758715730676,sell,2.240200,55.330000
3594960,1758715730758,sell,2.240400,27.840000
3594961,1758715730859,buy,2.240500,83.180000
3594962,1758715730885,sell,2.240400,100.000000
3594963,1758715730938,buy,2.241000,44.640000
3594964,1758715731243,buy,2.241000,892.380000
3594965,1758715731300,sell,2.240900,203.850000
3594966,1758715731321,buy,2.241000,37.880000
3594967,1758715731321,buy,2.241100,97.160000
3594968,1758715731321,buy,2.241200,591.910000
3594969,1758715731321,buy,2.241300,1500.150000
3594970,1758715731322,sell,2.240900,142.250000
3594971,1758715731488,buy,2.241200,2809.680000
3594972,1758715731512,buy,2.241300,784.500000
3594973,1758715731512,buy,2.241500,162.270000
3594974,1758715731512,buy,2.241600,244.880000
3594975,1758715731512,buy,2.241700,383.400000
3594976,1758715731512,buy,2.241800,137.910000
3594977,1758715731512,buy,2.241900,2368.530000
3594978,1758715731512,buy,2.242000,43.900000
3594979,1758715731512,buy,2.242100,294.860000
3594980,1758715731588,buy,2.242200,269.080000
3594981,1758715731719,sell,2.242200,305.470000
3594982,1758715731780,buy,2.242300,10.000000
3594983,1758715731780,buy,2.242400,40.070000
3594984,1758715731780,buy,2.242500,205.620000
3594985,1758715731780,buy,2.242600,110.090000
3594986,1758715731780,buy,2.242700,326.830000
3594987,1758715732006,sell,2.241600,236.100000
3594988,1758715732049,buy,2.241500,808.740000
3594989,1758715732051,buy,2.241200,1581.280000
3594990,1758715732192,buy,2.241200,1377.810000
3594991,1758715732380,sell,2.241100,99.400000
3594992,1758715732492,sell,2.241000,1784.910000
3594993,1758715732580,sell,2.240900,101.380000
3594994,1758715732928,sell,2.241000,500.000000
3594995,1758715732928,sell,2.240900,1072.970000
3594996,1758715732928,sell,2.240700,10.000000
3594997,1758715732928,sell,2.240600,28.950000
3594998,1758715732928,sell,2.240500,93.900000
3594999,1758715732928,sell,2.240400,17.550000
3595000,1758715732928,sell,2.240300,2.510000
3595001,1758715732928,sell,2.240200,2274.120000
3595002,1758715733157,sell,2.241000,880.770000
3595003,1758715733158,buy,2.241100,100.000000
3595004,1758715733163,buy,2.241400,91.970000
3595005,1758715733217,buy,2.241500,579.480000
3595006,1758715733702,sell,2.241690,34512.680000
3595007,1758715733809,buy,2.241700,28.950000
3595008,1758715733870,sell,2.241800,156.690000
3595009,1758715733926,buy,2.241900,121.570000
3595010,1758715733948,buy,2.242000,3.570000
3595011,1758715733955,buy,2.242200,5.800000
3595012,1758715734378,sell,2.241200,3482.460000
3595013,1758715734538,sell,2.241800,500.000000
3595014,1758715734638,buy,2.241900,388.550000
3595015,1758715734884,buy,2.241700,153.500000
3595016,1758715734911,sell,2.241300,183.680000
3595017,1758715734911,sell,2.241100,105.420000
3595018,1758715734912,sell,2.241000,28.320000
3595019,1758715734912,sell,2.240800,153.500000
3595020,1758715734915,sell,2.240600,216.750000
3595021,1758715734915,sell,2.240200,1162.330000
3595022,1758715734940,sell,2.240800,200.000000
3595023,1758715734965,buy,2.241500,54.360000
3595024,1758715735214,sell,2.241400,15.000000
3595025,1758715735214,sell,2.240500,35.000000
3595026,1758715735285,sell,2.240300,43.900000
3595027,1758715735285,sell,2.240200,56.100000
3595028,1758715735342,sell,2.240700,100.000000
3595029,1758715735350,buy,2.240800,35.000000
3595030,1758715735350,buy,2.241000,868.620000
3595031,1758715735350,buy,2.241500,490.630000
3595032,1758715735421,sell,2.240200,139.410000
3595033,1758715735424,sell,2.240100,241.880000
3595034,1758715735427,sell,2.240000,55.290000
3595035,1758715735484,sell,2.240700,91.960000
3595036,1758715735533,sell,2.240100,131.900000
3595037,1758715735645,sell,2.240100,1024.180000
3595038,1758715735760,buy,2.240200,216.080000
3595039,1758715735876,buy,2.240100,250.650000
3595040,1758715735965,sell,2.240000,650.000000
3595041,1758715736146,sell,2.240100,43.900000
3595042,1758715736255,sell,2.240100,50.000000
3595043,1758715736378,sell,2.240200,100.000000
3595044,1758715736484,sell,2.240200,200.000000
3595045,1758715736533,buy,2.240260,25272.450000
3595046,1758715736540,sell,2.240200,250.000000
3595047,1758715736636,buy,2.240300,15.000000
3595048,1758715736706,sell,2.240200,234.630000
3595049,1758715736921,sell,2.240200,150.000000
3595050,1758715737029,sell,2.240200,100.000000
3595051,1758715737221,buy,2.240300,1571.680000
3595052,1758715737314,sell,2.240200,50.000000
3595053,1758715737378,buy,2.240300,647.410000
3595054,1758715737419,sell,2.240200,100.000000
3595055,1758715737460,buy,2.240300,295.910000
3595056,1758715737460,buy,2.240400,346.330000
3595057,1758715737540,sell,2.240300,500.000000
3595058,1758715737559,buy,2.240400,1039.320000
3595059,1758715737609,sell,2.240300,50.000000
3595060,1758715737635,buy,2.240400,398.860000
3595061,1758715737635,buy,2.241100,138.130000
3595062,1758715737635,buy,2.241200,92.020000
3595063,1758715737635,buy,2.241300,10.000000
3595064,1758715737635,buy,2.241500,260.540000
3595065,1758715737635,buy,2.241600,1020.420000
3595066,1758715737635,buy,2.241700,991.700000
3595067,1758715737635,buy,2.241800,10.000000
3595068,1758715737635,buy,2.241900,29.670000
3595069,1758715737635,buy,2.242100,157.050000
3595070,1758715737635,buy,2.242200,872.740000
3595071,1758715737635,buy,2.242300,500.000000
3595072,1758715737635,buy,2.242400,888.680000
3595073,1758715737635,buy,2.242500,7.470000
3595074,1758715737722,sell,2.241400,1430.530000
3595075,1758715737782,buy,2.241700,1785.550000
3595076,1758715737836,sell,2.241300,66.020000
3595077,1758715737837,buy,2.241700,1000.000000
3595078,1758715737916,buy,2.241600,43.900000
3595079,1758715738042,sell,2.241600,868.620000
3595080,1758715738065,sell,2.241400,6741.660000
3595081,1758715738065,sell,2.241300,812.520000
3595082,1758715738065,sell,2.240600,167.080000
3595083,1758715738065,sell,2.240500,903.730000
3595084,1758715738166,buy,2.241700,259.040000
3595085,1758715738212,buy,2.241800,60.790000
3595086,1758715738487,buy,2.241800,41.870000
3595087,1758715738614,sell,2.241790,47398.170000
3595088,1758715738802,sell,2.241700,341.770000
3595089,1758715738915,sell,2.241700,95.120000
3595090,1758715739009,buy,2.241800,658.560000
3595091,1758715739127,sell,2.241700,43.900000
3595092,1758715739339,sell,2.241700,1101.580000
3595093,1758715739544,sell,2.241100,52.150000
3595094,1758715740515,sell,2.241400,43.900000
3595095,1758715740515,sell,2.241300,10.000000
3595096,1758715740515,sell,2.241200,15.000000
3595097,1758715740515,sell,2.240800,66.700000
3595098,1758715740515,sell,2.240600,133.830000
3595099,1758715740515,sell,2.240500,185.940000
3595100,1758715740515,sell,2.240400,17.550000
3595101,1758715740515,sell,2.240300,2.510000
3595102,1758715740515,sell,2.240200,50.220000
3595103,1758715740736,buy,2.240300,9.540000
3595104,1758715740786,sell,2.240300,109.630000
3595105,1758715740786,sell,2.240200,141.720000
3595106,1758715740786,sell,2.240100,241.880000
3595107,1758715740947,sell,2.240000,182.790000
3595108,1758715740982,sell,2.239900,1001.360000
3595109,1758715741379,buy,2.240000,95.630000
3595110,1758715741610,sell,2.239900,65.760000
3595111,1758715741715,sell,2.239900,1338.560000
3595112,1758715742226,buy,2.240000,915.110000
3595113,1758715742381,buy,2.240000,1381.220000
3595114,1758715742389,buy,2.240200,15.000000
3595115,1758715742530,buy,2.241000,92.010000
3595116,1758715742646,buy,2.241500,398.670000
3595117,1758715742646,buy,2.241600,336.010000
3595118,1758715742646,buy,2.241700,28.950000
3595119,1758715742646,buy,2.241900,29.670000
3595120,1758715742646,buy,2.242100,10.290000
3595121,1758715742646,buy,2.242300,1185.920000
3595122,1758715742646,buy,2.242400,888.680000
3595123,1758715742646,buy,2.242500,148.650000
3595124,1758715742646,buy,2.242600,196.850000
3595125,1758715742646,buy,2.242700,1099.490000
3595126,1758715742866,buy,2.241500,144.200000
3595127,1758715742874,sell,2.241100,223.100000
3595128,1758715743008,buy,2.241230,24202.350000
3595129,1758715743141,buy,2.241300,10.000000
3595130,1758715743149,sell,2.241200,138.130000
3595131,1758715743149,sell,2.241100,754.840000
3595132,1758715743149,sell,2.240900,100.000000
3595133,1758715743149,sell,2.240800,123.940000
3595134,1758715743197,buy,2.241400,127.850000
3595135,1758715743305,buy,2.241400,10.280000
3595136,1758715743305,buy,2.241500,29.620000
3595137,1758715743482,buy,2.241500,62.330000
3595138,1758715743482,buy,2.241600,752.100000
3595139,1758715743718,sell,2.241200,15.000000
3595140,1758715743718,sell,2.240800,138.130000
3595141,1758715743718,sell,2.240700,346.870000
3595142,1758715744142,buy,2.241400,300.000000
3595143,1758715744238,buy,2.241300,13.250000
3595144,1758715744238,buy,2.241400,3722.060000
3595145,1758715744413,buy,2.241600,52.150000
3595146,1758715744429,sell,2.240900,538.120000
3595147,1758715744429,sell,2.240800,112.040000
3595148,1758715744873,buy,2.241120,61622.420000
3595149,1758715745137,buy,2.241300,44.610000
3595150,1758715745241,sell,2.240800,100.000000
3595151,1758715745247,buy,2.241400,91.950000
3595152,1758715745247,buy,2.241500,330.560000
3595153,1758715745247,buy,2.241900,753.750000
3595154,1758715745688,buy,2.241800,10.000000
3595155,1758715745688,buy,2.242000,15.000000
3595156,1758715745688,buy,2.242100,43.900000
3595157,1758715745688,buy,2.242300,118.150000
3595158,1758715745688,buy,2.242500,12.550000
3595159,1758715745688,buy,2.242600,86.850000
3595160,1758715745688,buy,2.242700,159.600000
3595161,1758715745718,sell,2.241300,43.810000
3595162,1758715745718,sell,2.241100,977.940000
3595163,1758715745729,sell,2.240800,1258.780000
3595164,1758715745729,sell,2.240600,704.630000
3595165,1758715745729,sell,2.240500,5600.000000
3595166,1758715745729,sell,2.240400,990.090000
3595167,1758715745729,sell,2.240300,2.510000
3595168,1758715745729,sell,2.240200,191.940000
3595169,1758715745729,sell,2.240100,274.200000
3595170,1758715745772,sell,2.241000,1060.640000
3595171,1758715745941,sell,2.241000,150.000000
3595172,1758715746107,sell,2.241000,31.090000
3595173,1758715746125,buy,2.241100,2407.990000
3595174,1758715746290,sell,2.241000,68.140000
3595175,1758715746421,sell,2.241000,475.040000
3595176,1758715746421,sell,2.240800,91.880000
3595177,1758715746421,sell,2.240000,271.730000
3595178,1758715746421,sell,2.239900,272.210000
3595179,1758715746657,sell,2.241100,15.000000
3595180,1758715746657,sell,2.240000,217.210000
3595181,1758715746950,buy,2.241100,4072.720000
3595182,1758715747144,buy,2.241000,43.900000
3595183,1758715747144,buy,2.241200,33.620000
3595184,1758715747258,buy,2.241200,5.100000
3595185,1758715747564,sell,2.240200,91.960000
3595186,1758715747564,sell,2.240100,43.900000
3595187,1758715747564,sell,2.240000,364.140000
3595188,1758715747583,buy,2.241300,1103.710000
3595189,1758715747768,buy,2.241200,43.900000
3595190,1758715747768,buy,2.241300,91.960000
3595191,1758715747768,buy,2.241400,421.570000
3595192,1758715747854,buy,2.241200,89.660000
3595193,1758715748183,buy,2.241400,948.330000
3595194,1758715748362,sell,2.241300,91.980000
3595195,1758715748419,buy,2.241400,417.790000
3595196,1758715748420,buy,2.241500,271.400000
3595197,1758715748420,buy,2.241600,241.880000
3595198,1758715748420,buy,2.241700,28.950000
3595199,1758715748422,buy,2.241900,29.670000
3595200,1758715748423,buy,2.242000,138.130000
3595201,1758715748423,buy,2.242100,10.290000
3595202,1758715748423,buy,2.242400,20.060000
3595203,1758715748431,buy,2.242500,12.550000
3595204,1758715748431,buy,2.242600,7.450000
3595205,1758715748555,sell,2.242500,44.610000
3595206,1758715748594,buy,2.242600,89.400000
3595207,1758715748594,buy,2.242700,199.370000
3595208,1758715748594,buy,2.242800,179.950000
3595209,1758715748610,sell,2.242500,16.900000
3595210,1758715748688,buy,2.242800,298.810000
3595211,1758715748688,buy,2.242900,2016.490000
3595212,1758715748794,sell,2.242700,550.000000
3595213,1758715748948,buy,2.242900,5.240000
3595214,1758715748952,sell,2.242700,821.850000
3595215,1758715749025,buy,2.242900,891.670000
3595216,1758715749156,sell,2.242800,720.970000
3595217,1758715749204,buy,2.242900,4578.450000
3595218,1758715749284,sell,2.242800,10.000000
3595219,1758715749320,sell,2.242810,16501.270000
3595220,1758715749378,buy,2.242900,591.340000
3595221,1758715749394,sell,2.242800,15.000000
3595222,1758715749489,buy,2.242600,79.000000
3595223,1758715749489,buy,2.242900,1177.720000
3595224,1758715749489,buy,2.243000,545.170000
3595225,1758715749628,buy,2.242900,13.260000
3595226,1758715749628,buy,2.243000,1044.390000
3595227,1758715749753,buy,2.243000,78.500000
3595228,1758715749876,buy,2.243000,1486.910000
3595229,1758715749876,buy,2.243100,667.960000
3595230,1758715750115,buy,2.243200,1037.540000
3595231,1758715750302,buy,2.243200,46.620000
3595232,1758715750352,buy,2.243300,519.030000
3595233,1758715750456,sell,2.243100,79.120000
3595234,1758715750633,sell,2.243100,420.880000
3595235,1758715750633,sell,2.242700,662.960000
3595236,1758715750633,sell,2.242400,109.680000
3595237,1758715751001,sell,2.242700,91.720000
3595238,1758715751001,sell,2.242400,13.300000
3595239,1758715751001,sell,2.242300,1115.890000
3595240,1758715751041,sell,2.242000,878.540000
3595241,1758715751041,sell,2.241900,891.430000
3595242,1758715751211,sell,2.243040,10987.700000
3595243,1758715751549,sell,2.243000,43.900000
3595244,1758715751741,sell,2.243000,756.100000
3595245,1758715751847,buy,2.243100,461.780000
3595246,1758715752037,buy,2.243100,43.900000
3595247,1758715752037,buy,2.243200,96.360000
3595248,1758715752077,buy,2.243100,300.000000
3595249,1758715752212,buy,2.243100,1164.870000
3595250,1758715752308,sell,2.243000,500.000000
3595251,1758715752543,sell,2.242100,957.140000
3595252,1758715752562,sell,2.242000,84.930000
3595253,1758715752849,buy,2.242200,314.690000
3595254,1758715752874,sell,2.242100,100.000000
3595255,1758715753055,sell,2.241700,28.950000
3595256,1758715753055,sell,2.241600,335.730000
3595257,1758715753057,sell,2.241500,162.270000
3595258,1758715753253,sell,2.241300,53.810000
3595259,1758715753253,sell,2.241100,99.400000
3595260,1758715753253,sell,2.240900,4.010000
3595261,1758715753253,sell,2.240800,97.420000
3595262,1758715753253,sell,2.240600,28.950000
3595263,1758715753253,sell,2.240400,17.550000
3595264,1758715753253,sell,2.240300,30.710000
3595265,1758715753253,sell,2.240200,168.150000
3595266,1758715753366,sell,2.240300,43.900000
3595267,1758715753366,sell,2.240200,56.100000
3595268,1758715753472,sell,2.240200,554.440000
3595269,1758715753472,sell,2.240100,380.710000
3595270,1758715753514,sell,2.240330,16972.830000
3595271,1758715753568,sell,2.240200,43.900000
3595272,1758715753568,sell,2.240100,699.310000
3595273,1758715753642,buy,2.240800,43.900000
3595274,1758715753642,buy,2.240900,3891.210000
3595275,1758715753676,buy,2.241100,878.540000
3595276,1758715753676,buy,2.241500,162.270000
3595277,1758715753676,buy,2.241600,213.900000
3595278,1758715753689,buy,2.240900,79.120000
3595279,1758715753973,buy,2.241600,165.860000
3595280,1758715754017,buy,2.241700,166.830000
3595281,1758715754017,buy,2.241900,29.670000
3595282,1758715754017,buy,2.242300,98.220000
3595283,1758715754017,buy,2.242400,35.060000
3595284,1758715754017,buy,2.242500,12.550000
3595285,1758715754017,buy,2.242600,96.850000
3595286,1758715754017,buy,2.242700,137.810000
3595287,1758715754017,buy,2.242800,191.220000
3595288,1758715754017,buy,2.242900,274.460000
3595289,1758715754428,sell,2.242200,91.910000
3595290,1758715754740,sell,2.242700,500.000000
3595291,1758715754746,buy,2.242800,94.840000
3595292,1758715754776,buy,2.242900,434.340000
3595293,1758715754797,sell,2.242700,50.000000
3595294,1758715754816,buy,2.243100,97.420000
3595295,1758715754816,buy,2.243200,241.880000
3595296,1758715754816,buy,2.243400,387.700000
3595297,1758715754818,sell,2.242800,100.000000
3595298,1758715754843,buy,2.243400,211.330000
3595299,1758715755171,buy,2.243400,64.530000
3595300,1758715755212,sell,2.243200,58.900000
3595301,1758715755212,sell,2.242900,32.900000
3595302,1758715755392,buy,2.243400,22.280000
3595303,1758715755471,sell,2.243300,300.000000
3595304,1758715755471,sell,2.242800,868.620000
3595305,1758715755471,sell,2.242700,65.220000
3595306,1758715755471,sell,2.242600,4143.440000
3595307,1758715755472,buy,2.243400,21.620000
3595308,1758715755472,buy,2.243500,11.670000
3595309,1758715755472,buy,2.243600,11.330000
3595310,1758715755566,sell,2.242900,137.880000
3595311,1758715755566,sell,2.242400,10.000000
3595312,1758715755566,sell,2.241700,661.510000
3595313,1758715755818,sell,2.242700,43.900000
3595314,1758715755818,sell,2.242600,91.720000
3595315,1758715755823,sell,2.242200,14.380000
3595316,1758715755923,sell,2.242700,170.000000
3595317,1758715756159,buy,2.242800,28.950000
3595318,1758715756159,buy,2.242900,527.400000
3595319,1758715756159,buy,2.243000,68.610000
3595320,1758715756435,sell,2.242700,150.000000
3595321,1758715756576,sell,2.242700,30.000000
3595322,1758715756673,sell,2.242000,183.580000
3595323,1758715756673,sell,2.241700,28.950000
3595324,1758715756673,sell,2.241600,241.880000
3595325,1758715756673,sell,2.241500,438.050000
3595326,1758715756756,buy,2.241400,219.210000
3595327,1758715756783,sell,2.241390,26003.850000
3595328,1758715756851,sell,2.241300,53.810000
3595329,1758715756852,sell,2.241100,99.400000
3595330,1758715756852,sell,2.240900,4.010000
3595331,1758715756852,sell,2.240800,97.420000
3595332,1758715756852,sell,2.240600,28.950000
3595333,1758715756852,sell,2.240400,17.550000
3595334,1758715756876,sell,2.240300,2.510000
3595335,1758715756876,sell,2.240200,781.620000
3595336,1758715756876,sell,2.240100,1.870000
3595337,1758715757121,buy,2.240200,476.350000
3595338,1758715757304,sell,2.240100,43.900000
3595339,1758715757461,buy,2.240200,43.900000
3595340,1758715757461,buy,2.240300,48.010000
3595341,1758715757821,buy,2.240500,4.780000
3595342,1758715757857,sell,2.240200,43.900000
3595343,1758715757857,sell,2.240100,0.720000
3595344,1758715758173,buy,2.240700,43.900000
3595345,1758715758331,buy,2.240600,300.000000
3595346,1758715758510,sell,2.240200,548.050000
3595347,1758715758510,sell,2.240100,313.430000
3595348,1758715758510,sell,2.240000,254.490000
3595349,1758715758553,sell,2.240300,43.900000
3595350,1758715758553,sell,2.240200,456.100000
3595351,1758715759037,sell,2.240100,1208.000000
3595352,1758715759037,sell,2.240000,992.000000
3595353,1758715759385,sell,2.240000,550.000000
3595354,1758715759754,sell,2.240000,100.000000
3595355,1758715760286,buy,2.240100,2000.000000
3595356,1758715760541,sell,2.240000,543.900000
3595357,1758715760919,sell,2.240000,5434.080000
3595358,1758715761051,sell,2.240000,366.220000
3595359,1758715761258,sell,2.240000,1314.630000
3595360,1758715761371,sell,2.240000,9390.350000
3595361,1758715761555,sell,2.240000,167.110000
3595362,1758715761587,buy,2.240080,23871.370000
3595363,1758715761609,sell,2.240000,915.160000
3595364,1758715761717,sell,2.240000,8815.740000
3595365,1758715761830,sell,2.240000,1908.510000
3595366,1758715761976,sell,2.240000,1627.430000
3595367,1758715761977,sell,2.239900,3892.210000
3595368,1758715762091,sell,2.240000,10.240000
3595369,1758715762105,buy,2.240100,203.240000
3595370,1758715762259,buy,2.240000,47.120000
3595371,1758715762335,sell,2.239900,850.000000
3595372,1758715762466,sell,2.239900,200.000000
3595373,1758715762506,buy,2.240000,55.360000
3595374,1758715762544,buy,2.240100,100.000000
3595375,1758715762623,sell,2.240200,50.000000
3595376,1758715762713,buy,2.240300,35.790000
3595377,1758715762778,sell,2.240200,400.000000
3595378,1758715762926,sell,2.240200,151.810000
3595379,1758715762926,sell,2.239900,3847.960000
3595380,1758715763274,sell,2.239900,434.380000
3595381,1758715763421,buy,2.240000,1339.160000
3595382,1758715763473,sell,2.239900,2329.680000
3595383,1758715763614,sell,2.239900,223.380000
3595384,1758715763630,buy,2.240000,300.000000
3595385,1758715763997,sell,2.239900,1719.820000
3595386,1758715764108,buy,2.240000,1193.840000
3595387,1758715764144,sell,2.239900,943.340000
3595388,1758715764284,sell,2.239900,5067.870000
3595389,1758715764378,sell,2.239940,35749.440000
3595390,1758715764397,sell,2.239900,43.900000
3595391,1758715764508,sell,2.239900,150.000000
3595392,1758715764520,buy,2.240000,644.210000
3595393,1758715764547,sell,2.239900,500.000000
3595394,1758715764666,sell,2.239900,1225.440000
3595395,1758715765165,buy,2.240000,43.900000
3595396,1758715765365,sell,2.239900,2681.470000
3595397,1758715765675,buy,2.240000,111.000000
3595398,1758715765745,sell,2.239900,5.000000
3595399,1758715765758,buy,2.240000,10.000000
3595400,1758715765843,sell,2.239900,44.640000
3595401,1758715765965,sell,2.239900,1513.780000
3595402,1758715766267,sell,2.239900,30.300000
3595403,1758715766483,sell,2.239900,150.000000
3595404,1758715766652,buy,2.240000,229.210000
3595405,1758715766836,sell,2.239900,247.560000
3595406,1758715766967,sell,2.239900,892.990000
3595407,1758715767084,sell,2.239900,667.420000
3595408,1758715767117,sell,2.239800,43.810000
3595409,1758715767117,sell,2.239700,86.850000
3595410,1758715767122,buy,2.240000,668.410000
3595411,1758715767132,sell,2.239600,12.550000
3595412,1758715767132,sell,2.239500,121.010000
3595413,1758715767132,sell,2.239400,12.950000
3595414,1758715767132,sell,2.239300,38.210000
3595415,1758715767132,sell,2.239100,15.280000
3595416,1758715767162,buy,2.239200,68.190000
3595417,1758715767212,sell,2.239100,1004.270000
3595418,1758715767279,buy,2.239200,725.330000
3595419,1758715767281,sell,2.239100,447.640000
3595420,1758715767324,buy,2.239400,196.700000
3595421,1758715767324,buy,2.239500,137.990000
3595422,1758715767324,buy,2.239700,878.540000
3595423,1758715767324,buy,2.239900,533.930000
3595424,1758715767357,sell,2.239100,81.260000
3595425,1758715767395,sell,2.239200,137.990000
3595426,1758715767395,sell,2.239100,955.310000
3595427,1758715767513,sell,2.239500,500.000000
3595428,1758715767529,sell,2.239100,50.000000
3595429,1758715767529,buy,2.239600,528.060000
3595430,1758715767529,buy,2.239700,98.240000
3595431,1758715767529,buy,2.239900,100.000000
3595432,1758715767529,buy,2.240000,200.510000
3595433,1758715767529,buy,2.240200,137.880000
3595434,1758715767529,buy,2.240600,28.950000
3595435,1758715767529,buy,2.240800,3.580000
3595436,1758715767529,buy,2.240900,289.960000
3595437,1758715767529,buy,2.241000,1004.400000
3595438,1758715767551,sell,2.239600,100.000000
3595439,1758715767681,sell,2.239600,200.000000
3595440,1758715767850,buy,2.240000,213.530000
3595441,1758715767850,buy,2.240100,108.340000
3595442,1758715767850,buy,2.240200,2979.600000
3595443,1758715767957,buy,2.239950,8869.760000
3595444,1758715768031,sell,2.239600,100.000000
3595445,1758715768155,sell,2.239500,350.000000
3595446,1758715768175,sell,2.239700,100.000000
3595447,1758715768187,buy,2.240000,43.900000
3595448,1758715768579,buy,2.240000,92.120000
3595449,1758715768579,buy,2.240200,72.660000
3595450,1758715768807,sell,2.240000,109.540000
3595451,1758715768864,sell,2.239900,100.000000
3595452,1758715769037,sell,2.239900,693.900000
3595453,1758715769124,sell,2.239700,1102.850000
3595454,1758715769124,sell,2.239600,137.990000
3595455,1758715769124,sell,2.239500,791.690000
3595456,1758715769124,sell,2.239400,960.680000
3595457,1758715769124,sell,2.239300,2986.460000
3595458,1758715769124,sell,2.239200,878.540000
3595459,1758715769124,sell,2.239100,3156.200000
3595460,1758715769146,buy,2.239100,5.000000
3595461,1758715769467,buy,2.239100,43.900000
3595462,1758715769469,buy,2.239090,26167.410000
3595463,1758715769565,buy,2.239100,1000.000000
3595464,1758715769599,sell,2.239000,108.760000
3595465,1758715769599,sell,2.238900,41.240000
3595466,1758715770069,sell,2.238900,32.180000
3595467,1758715770201,sell,2.238900,28.820000
3595468,1758715770201,sell,2.238800,121.180000
3595469,1758715770340,sell,2.238800,608.160000
3595470,1758715770451,buy,2.238900,22.330000
3595471,1758715770532,sell,2.238800,650.000000
3595472,1758715770631,sell,2.238700,3.580000
3595473,1758715770631,sell,2.238600,39.670000
3595474,1758715770631,sell,2.238500,380.830000
3595475,1758715770632,sell,2.238400,71.260000
3595476,1758715770632,sell,2.238300,208.110000
3595477,1758715770632,sell,2.238200,2.510000
3595478,1758715770632,sell,2.238100,12.550000
3595479,1758715770632,sell,2.238000,54.190000
3595480,1758715770632,sell,2.237800,302.930000
3595481,1758715770632,sell,2.237700,3384.270000
3595482,1758715770873,sell,2.237800,100.000000
3595483,1758715770917,sell,2.237900,50.000000
3595484,1758715771280,sell,2.237700,893.860000
3595485,1758715771413,buy,2.238000,203.200000
3595486,1758715771454,sell,2.237700,1404.460000
3595487,1758715771575,buy,2.238100,280.260000
3595488,1758715771575,buy,2.238200,612.750000
3595489,1758715771894,buy,2.238200,43.900000
3595490,1758715771894,buy,2.238300,1138.340000
3595491,1758715771908,buy,2.238900,107.800000
3595492,1758715772034,buy,2.239000,137.990000
3595493,1758715772034,buy,2.239100,1418.720000
3595494,1758715772103,sell,2.238900,759.700000
3595495,1758715772192,buy,2.239100,12353.800000
3595496,1758715772342,buy,2.239100,571.800000
3595497,1758715772363,sell,2.239000,65.620000
3595498,1758715772368,buy,2.239100,1644.920000
3595499,1758715772438,buy,2.239500,28.950000
3595500,1758715772438,buy,2.239600,12.550000
3595501,1758715772438,buy,2.239700,86.850000
3595502,1758715772438,buy,2.239800,43.810000
3595503,1758715772438,buy,2.239900,119.540000
3595504,1758715772453,buy,2.240000,12.550000
3595505,1758715772463,buy,2.240100,241.880000
3595506,1758715772464,sell,2.239730,9093.320000
3595507,1758715772489,buy,2.240200,191.940000
3595508,1758715772490,buy,2.240300,6.090000
3595509,1758715772490,buy,2.240400,17.550000
3595510,1758715772490,buy,2.240600,28.950000
3595511,1758715772490,buy,2.240800,97.420000
3595512,1758715772490,buy,2.240900,4.010000
3595513,1758715772490,buy,2.241000,4654.040000
3595514,1758715772501,sell,2.239500,92.270000
3595515,1758715772557,sell,2.240900,100.000000
3595516,1758715772651,buy,2.241100,420.990000
3595517,1758715772867,buy,2.241200,157.970000
3595518,1758715772867,buy,2.241300,53.810000
3595519,1758715772879,sell,2.241100,94.380000
3595520,1758715772921,sell,2.241400,244.380000
3595521,1758715773003,buy,2.241500,162.270000
3595522,1758715773003,buy,2.241600,241.880000
3595523,1758715773003,buy,2.241700,28.950000
3595524,1758715773003,buy,2.241900,121.370000
3595525,1758715773120,buy,2.242000,43.900000
3595526,1758715773126,buy,2.242100,10.290000
3595527,1758715773159,buy,2.242200,269.080000
3595528,1758715773159,buy,2.242300,955.960000
3595529,1758715773159,buy,2.242400,20.060000
3595530,1758715773159,buy,2.242500,60.480000
3595531,1758715773159,buy,2.242600,136.850000
3595532,1758715773159,buy,2.242700,63.380000
3595533,1758715773159,buy,2.242800,298.550000
3595534,1758715773159,buy,2.242900,1701.220000
3595535,1758715773159,buy,2.243000,15.390000
3595536,1758715773159,buy,2.243100,1862.420000
3595537,1758715773159,buy,2.243200,280.090000
3595538,1758715773159,buy,2.243300,3.220000
3595539,1758715773159,buy,2.243400,362.930000
3595540,1758715773159,buy,2.243500,44.660000
3595541,1758715773159,buy,2.243600,21.380000
3595542,1758715773159,buy,2.243700,499.950000
3595543,1758715773159,buy,2.243800,1152.070000
3595544,1758715773185,buy,2.242800,28.950000
3595545,1758715773188,sell,2.242500,745.360000
3595546,1758715773242,sell,2.242600,392.170000
3595547,1758715773422,buy,2.243700,10.000000
3595548,1758715773422,buy,2.243800,28.950000
3595549,1758715773422,buy,2.243900,102.280000
3595550,1758715773453,sell,2.243300,546.780000
3595551,1758715773535,buy,2.243500,204.000000
3595552,1758715773569,sell,2.243400,137.990000
3595553,1758715773617,sell,2.243200,868.620000
3595554,1758715773738,sell,2.242800,28.950000
3595555,1758715773738,sell,2.242700,43.900000
3595556,1758715773738,sell,2.241900,27.150000
3595557,1758715773769,sell,2.242300,98.210000
3595558,1758715773792,sell,2.242000,92.000000
3595559,1758715773792,sell,2.241900,73.630000
3595560,1758715773992,sell,2.242100,281.170000
3595561,1758715774138,sell,2.242170,14718.880000
3595562,1758715774228,buy,2.242200,43.900000
3595563,1758715774346,sell,2.242100,100.000000
3595564,1758715774350,buy,2.242200,50.210000
3595565,1758715774351,sell,2.242800,41.760000
3595566,1758715774351,sell,2.242100,108.240000
3595567,1758715774499,sell,2.242100,31.740000
3595568,1758715774556,sell,2.242400,109.410000
3595569,1758715774556,sell,2.242200,80.250000
3595570,1758715774556,sell,2.242100,702.370000
3595571,1758715774621,buy,2.242700,466.490000
3595572,1758715774694,sell,2.242000,43.900000
3595573,1758715774694,sell,2.241900,106.100000
3595574,1758715774710,sell,2.242100,466.490000
3595575,1758715774710,sell,2.241700,28.950000
3595576,1758715774710,sell,2.241600,4.560000
3595577,1758715774777,buy,2.242800,600.060000
3595578,1758715774777,buy,2.242900,43.900000
3595579,1758715774777,buy,2.243000,976.760000
3595580,1758715774777,buy,2.243100,608.830000
3595581,1758715774802,sell,2.242400,299.890000
3595582,1758715775017,sell,2.243300,394.670000
3595583,1758715775131,sell,2.243300,92.060000
3595584,1758715775265,sell,2.243300,53.270000
3595585,1758715775329,sell,2.242800,300.000000
3595586,1758715775425,sell,2.242600,180.000000
3595587,1758715775431,sell,2.242400,304.860000
3595588,1758715775553,sell,2.242500,71.110000
3595589,1758715775553,sell,2.242400,28.890000
3595590,1758715775707,sell,2.242900,100.000000
3595591,1758715775753,buy,2.243000,13.250000
3595592,1758715775753,buy,2.243300,93.970000
3595593,1758715775753,buy,2.243400,66.880000
3595594,1758715775753,buy,2.243500,105.590000
3595595,1758715775753,buy,2.243600,29.670000
3595596,1758715775753,buy,2.243800,258.910000
3595597,1758715775753,buy,2.243900,1628.220000
3595598,1758715775762,sell,2.242900,1198.540000
3595599,1758715775810,sell,2.243000,98.150000
3595600,1758715775810,sell,2.242900,101.850000
3595601,1758715775876,sell,2.243800,21.110000
3595602,1758715775951,buy,2.243900,757.680000
3595603,1758715775952,buy,2.244000,3583.570000
3595604,1758715775959,sell,2.243800,546.330000
3595605,1758715775959,sell,2.243100,2578.670000
3595606,1758715775999,sell,2.243200,150.000000
3595607,1758715776097,buy,2.243290,23087.790000
3595608,1758715776121,sell,2.243800,600.000000
3595609,1758715776267,sell,2.243800,1534.320000
3595610,1758715776330,sell,2.243300,13.320000
3595611,1758715776330,sell,2.243200,4593.830000
3595612,1758715776488,sell,2.243900,15.000000
3595613,1758715776488,sell,2.243800,285.000000
3595614,1758715776606,sell,2.243800,215.000000
3595615,1758715776690,sell,2.243200,91.910000
3595616,1758715776690,sell,2.242900,8.090000
3595617,1758715776791,buy,2.243800,3977.360000
3595618,1758715776842,sell,2.242900,35.810000
3595619,1758715776842,sell,2.242800,28.950000
3595620,1758715776842,sell,2.242600,104.630000
3595621,1758715776847,sell,2.242500,130.610000
3595622,1758715776888,buy,2.243700,537.210000
3595623,1758715776985,sell,2.243200,50.000000
3595624,1758715777206,sell,2.243100,43.900000
3595625,1758715777206,sell,2.242700,56.100000
3595626,1758715777323,sell,2.242900,150.000000
3595627,1758715777507,sell,2.242900,1104.080000
3595628,1758715777532,sell,2.242600,91.970000
3595629,1758715777532,sell,2.242500,8.030000
3595630,1758715777625,sell,2.242600,43.900000
3595631,1758715777625,sell,2.242500,6.100000
3595632,1758715777627,buy,2.242700,43.280000
3595633,1758715777712,sell,2.242500,5.800000
3595634,1758715777712,sell,2.242100,93.830000
3595635,1758715777712,sell,2.241900,400.370000
3595636,1758715777749,sell,2.242000,43.280000
3595637,1758715777749,sell,2.241900,256.720000
3595638,1758715777781,buy,2.242700,189.300000
3595639,1758715777859,sell,2.241900,100.000000
3595640,1758715777955,sell,2.241700,39.670000
3595641,1758715777955,sell,2.241600,10.330000
3595642,1758715778119,sell,2.242000,92.050000
3595643,1758715778119,sell,2.241600,7.950000
3595644,1758715778163,buy,2.242100,9.010000
3595645,1758715778304,sell,2.241600,219.040000
3595646,1758715778338,sell,2.241500,47.800000
3595647,1758715778470,sell,2.241500,114.470000
3595648,1758715778528,sell,2.241300,53.810000
3595649,1758715778603,sell,2.241200,12.580000
3595650,1758715778603,sell,2.241100,99.400000
3595651,1758715778675,sell,2.240900,4.010000
3595652,1758715778675,sell,2.240800,97.420000
3595653,1758715778675,sell,2.240600,28.950000
3595654,1758715778675,sell,2.240400,17.550000
3595655,1758715778675,sell,2.240300,2.510000
3595656,1758715778675,sell,2.240200,781.620000
3595657,1758715778675,sell,2.240100,169.400000
3595658,1758715778747,buy,2.240200,1354.560000
3595659,1758715778841,sell,2.240100,72.480000
3595660,1758715778902,buy,2.240200,92.110000
3595661,1758715778955,buy,2.240100,93.980000
3595662,1758715778956,sell,2.240020,17995.130000
3595663,1758715778978,sell,2.240000,697.820000
3595664,1758715778979,sell,2.239900,44.910000
3595665,1758715778979,sell,2.239800,43.810000
3595666,1758715779180,buy,2.239800,96.650000
3595667,1758715779258,sell,2.239700,86.850000
3595668,1758715779349,sell,2.239600,12.550000
3595669,1758715779349,sell,2.239500,28.950000
3595670,1758715779385,sell,2.239400,12.950000
3595671,1758715779444,buy,2.239400,23.950000
3595672,1758715779475,sell,2.239300,923.590000
3595673,1758715779573,sell,2.239100,474.860000
3595674,1758715779597,buy,2.239200,44.610000
3595675,1758715779630,sell,2.239100,355.910000
3595676,1758715779630,sell,2.239000,14.520000
3595677,1758715779630,sell,2.238900,102.240000
3595678,1758715779630,sell,2.238800,229.320000
3595679,1758715779630,sell,2.238600,106.550000
3595680,1758715779630,sell,2.238500,1380.830000
3595681,1758715779630,sell,2.238400,332.350000
3595682,1758715779630,sell,2.238300,90.070000
3595683,1758715779645,sell,2.239100,655.770000
3595684,1758715779664,sell,2.238200,2.510000
3595685,1758715779664,sell,2.238100,12.550000
3595686,1758715779664,sell,2.238000,34.940000
3595687,1758715779687,buy,2.239200,92.230000
3595688,1758715779768,sell,2.238900,94.250000
3595689,1758715779782,sell,2.239100,893.460000
3595690,1758715779858,buy,2.239100,137.990000
3595691,1758715779858,buy,2.239500,229.460000
3595692,1758715779858,buy,2.239600,1861.880000
3595693,1758715780086,buy,2.239400,43.900000
3595694,1758715780086,buy,2.239500,236.300000
3595695,1758715780086,buy,2.239600,4065.960000
3595696,1758715780086,buy,2.239700,86.850000
3595697,1758715780086,buy,2.239800,43.810000
3595698,1758715780086,buy,2.240000,10.290000
3595699,1758715780086,buy,2.240100,21.960000
3595700,1758715780379,buy,2.239100,115.290000
3595701,1758715780532,sell,2.239100,893.500000
3595702,1758715780644,sell,2.239100,54.470000
3595703,1758715780716,buy,2.239000,244.030000
3595704,1758715781319,sell,2.239100,6396.870000
3595705,1758715781381,sell,2.238800,50.000000
3595706,1758715781428,buy,2.238900,43.900000
3595707,1758715781428,buy,2.239000,602.530000
3595708,1758715781608,buy,2.239700,92.320000
3595709,1758715781608,buy,2.239900,13.250000
3595710,1758715781608,buy,2.240000,188.760000
3595711,1758715781608,buy,2.240100,219.920000
3595712,1758715781608,buy,2.240200,191.940000
3595713,1758715781608,buy,2.240300,2.510000
3595714,1758715781608,buy,2.240400,17.550000
3595715,1758715781608,buy,2.240600,28.950000
3595716,1758715781608,buy,2.240800,211.450000
3595717,1758715781608,buy,2.240900,4.010000
3595718,1758715781608,buy,2.241100,99.400000
3595719,1758715781608,buy,2.241200,12.580000
3595720,1758715781608,buy,2.241300,174.440000
3595721,1758715781608,buy,2.241500,162.270000
3595722,1758715781608,buy,2.241600,1170.750000
3595723,1758715781608,buy,2.241700,28.950000
3595724,1758715781608,buy,2.241800,116.570000
3595725,1758715781608,buy,2.241900,121.370000
3595726,1758715781609,buy,2.242000,22.000000
3595727,1758715781609,buy,2.242100,415.010000
3595728,1758715781609,buy,2.242200,269.080000
3595729,1758715781609,buy,2.242300,1272.180000
3595730,1758715781609,buy,2.242400,30.060000
3595731,1758715781609,buy,2.242500,26.970000
3595732,1758715781609,buy,2.242600,96.850000
3595733,1758715781609,buy,2.242700,1698.740000
3595734,1758715781609,buy,2.242800,1082.710000
3595735,1758715781609,buy,2.242900,1659.450000
3595736,1758715781609,buy,2.243000,10.390000
3595737,1758715781609,buy,2.243100,115.260000
3595738,1758715781609,buy,2.243200,280.090000
3595739,1758715781609,buy,2.243300,3.220000
3595740,1758715781609,buy,2.243400,161.000000
3595741,1758715781635,buy,2.241600,28.950000
3595742,1758715781639,sell,2.241500,162.270000
3595743,1758715781639,sell,2.241300,43.810000
3595744,1758715781639,sell,2.241200,293.920000
3595745,1758715781642,buy,2.241600,241.880000
3595746,1758715781678,buy,2.242700,21.000000
3595747,1758715781737,sell,2.241500,50.000000
3595748,1758715781948,sell,2.242100,523.950000
3595749,1758715781983,sell,2.242000,1121.120000
3595750,1758715782091,sell,2.242200,1191.910000
3595751,1758715782195,sell,2.242000,251.320000
3595752,1758715782301,sell,2.241900,200.000000
3595753,1758715782353,buy,2.241940,14285.240000
3595754,1758715782357,sell,2.241900,50.000000
3595755,1758715782392,sell,2.242000,21.600000
3595756,1758715782392,sell,2.241900,70.650000
3595757,1758715782570,buy,2.242000,759.700000
3595758,1758715782588,sell,2.241900,94.150000
3595759,1758715782856,sell,2.241900,60.000000
3595760,1758715782918,buy,2.242000,43.900000
3595761,1758715782949,sell,2.241900,44.610000
3595762,1758715782950,buy,2.242100,1784.040000
3595763,1758715782955,buy,2.242500,92.110000
3595764,1758715783000,buy,2.242600,91.530000
3595765,1758715783000,buy,2.242700,5.590000
3595766,1758715783027,sell,2.242600,254.830000
3595767,1758715783235,buy,2.242700,17.220000
3595768,1758715783235,buy,2.242800,206.220000
3595769,1758715783239,buy,2.243000,3.180000
3595770,1758715783359,sell,2.242700,250.000000
3595771,1758715783368,sell,2.242600,100.000000
3595772,1758715783558,sell,2.242600,500.000000
3595773,1758715783579,buy,2.243000,93.990000
3595774,1758715783699,sell,2.242700,17468.020000
3595775,1758715783726,buy,2.243000,43.900000
3595776,1758715783740,sell,2.242700,100.000000
3595777,1758715783750,buy,2.243000,48.150000
3595778,1758715783750,buy,2.243200,241.880000
3595779,1758715783750,buy,2.243400,278.220000
3595780,1758715784029,sell,2.242900,13.290000
3595781,1758715784029,sell,2.242800,136.710000
3595782,1758715784099,buy,2.243600,211.040000
3595783,1758715784099,buy,2.243700,88.960000
3595784,1758715784117,sell,2.242900,114.030000
3595785,1758715784117,sell,2.242800,110.630000
3595786,1758715784119,sell,2.242700,43.900000
3595787,1758715784119,sell,2.242600,131.440000
3595788,1758715784273,buy,2.243500,91.980000
3595789,1758715784273,buy,2.243700,414.950000
3595790,1758715784373,sell,2.243000,15.000000
3595791,1758715784373,sell,2.242800,135.000000
3595792,1758715784489,sell,2.242700,100.000000
3595793,1758715784614,sell,2.243400,10.000000
3595794,1758715784682,buy,2.243800,17.430000
3595795,1758715784697,sell,2.243400,250.000000
3595796,1758715784849,buy,2.243800,585.940000
3595797,1758715785004,sell,2.243400,872.100000
3595798,1758715785052,sell,2.243300,1783.080000
3595799,1758715785168,sell,2.242900,208.480000
3595800,1758715785175,sell,2.242800,72.850000
3595801,1758715785175,sell,2.242600,150.000000
3595802,1758715785175,sell,2.242300,168.670000
3595803,1758715785379,sell,2.242700,50.000000
3595804,1758715785482,buy,2.243000,138.090000
3595805,1758715785676,buy,2.243500,43.900000
3595806,1758715785676,buy,2.243600,138.090000
3595807,1758715785676,buy,2.243700,227.450000
3595808,1758715785834,buy,2.243400,91.990000
3595809,1758715785855,sell,2.242800,138.090000
3595810,1758715785855,sell,2.242700,20.290000
3595811,1758715786129,sell,2.243700,150.000000
3595812,1758715786319,sell,2.243200,150.000000
3595813,1758715786541,buy,2.243800,72.850000
3595814,1758715786541,buy,2.243900,127.150000
3595815,1758715786650,sell,2.243200,500.000000
3595816,1758715786783,sell,2.242900,1042.670000
3595817,1758715786843,buy,2.243600,18.370000
3595818,1758715787129,sell,2.243000,550.000000
3595819,1758715787233,buy,2.243560,11109.310000
3595820,1758715787269,buy,2.243600,88.260000
3595821,1758715787269,buy,2.243700,15.000000
3595822,1758715787269,buy,2.243900,229.740000
3595823,1758715787503,sell,2.243400,224.640000
3595824,1758715787644,sell,2.243600,1380.400000
3595825,1758715787644,sell,2.243400,619.600000
3595826,1758715787672,buy,2.243900,311.660000
3595827,1758715787672,buy,2.244000,4876.890000
3595828,1758715787672,buy,2.244100,1808.490000
3595829,1758715787672,buy,2.244200,201.420000
3595830,1758715787672,buy,2.244300,1098.500000
3595831,1758715787696,sell,2.243400,96.030000
3595832,1758715787696,sell,2.243300,303.970000
3595833,1758715787718,sell,2.243600,150.000000
3595834,1758715787733,buy,2.244400,890.900000
3595835,1758715787772,sell,2.243600,622.600000
3595836,1758715787894,buy,2.244300,890.830000
3595837,1758715788104,sell,2.244300,100.000000
3595838,1758715788136,buy,2.244500,568.640000
3595839,1758715788136,buy,2.244600,370.890000
3595840,1758715788136,buy,2.244700,426.160000
3595841,1758715788136,buy,2.244800,216.050000
3595842,1758715788136,buy,2.244900,284.010000
3595843,1758715788137,buy,2.245000,577.500000
3595844,1758715788137,buy,2.245100,500.000000
3595845,1758715788141,buy,2.245200,2618.660000
3595846,1758715788344,sell,2.245000,150.000000
3595847,1758715788344,sell,2.244500,43.900000
3595848,1758715788344,sell,2.244400,800.000000
3595849,1758715788398,sell,2.244300,778.540000
3595850,1758715788398,sell,2.244200,1125.550000
3595851,1758715788467,sell,2.244400,15.000000
3595852,1758715788499,buy,2.244400,76.810000
3595853,1758715788499,buy,2.245200,137.610000
3595854,1758715788499,buy,2.245300,22.240000
3595855,1758715788499,buy,2.245400,63.340000
3595856,1758715788659,buy,2.244900,291.450000
3595857,1758715788678,sell,2.244200,57.920000
3595858,1758715788825,sell,2.244300,100.000000
3595859,1758715788848,buy,2.244800,57.920000
3595860,1758715788848,buy,2.244900,208.550000
3595861,1758715788848,buy,2.245400,242.100000
3595862,1758715789010,buy,2.245290,30249.590000
3595863,1758715789017,buy,2.245300,86.950000
3595864,1758715789017,buy,2.245400,231.790000
3595865,1758715789017,sell,2.244900,43.900000
3595866,1758715789017,sell,2.244800,280.280000
3595867,1758715789124,sell,2.245200,100.000000
3595868,1758715789252,sell,2.245200,91.750000
3595869,1758715789344,buy,2.245400,38.990000
3595870,1758715789781,buy,2.245400,44.530000
3595871,1758715789876,sell,2.245300,500.000000
3595872,1758715789921,sell,2.245200,110.000000
3595873,1758715790056,buy,2.245400,77.170000
3595874,1758715790056,buy,2.245500,813.510000
3595875,1758715790284,sell,2.245300,40.000000
3595876,1758715790284,sell,2.245200,60.000000
3595877,1758715790368,buy,2.245300,854.520000
3595878,1758715790431,sell,2.245200,438.250000
3595879,1758715790431,sell,2.244900,148.170000
3595880,1758715790431,sell,2.244800,69.720000
3595881,1758715790431,sell,2.244600,91.660000
3595882,1758715790431,sell,2.244200,12.200000
3595883,1758715790509,buy,2.244800,43.900000
3595884,1758715790824,sell,2.244700,43.900000
3595885,1758715790943,sell,2.244700,810.620000
3595886,1758715791380,sell,2.244200,150.070000
3595887,1758715791419,sell,2.244000,284.710000
3595888,1758715791502,sell,2.243900,211.950000
3595889,1758715791610,sell,2.243800,28.950000
3595890,1758715791610,sell,2.243600,29.670000
3595891,1758715791610,sell,2.243200,241.880000
3595892,1758715791610,sell,2.243100,97.420000
