id,unix_timestamp_ms,side,price,quantity
16796650,1758739029104,buy,4173.800000,0.023000
16796651,1758739029104,buy,4173.800000,0.023000
16796652,1758739029104,buy,4173.800000,0.019000
16796653,1758739029581,sell,4173.700000,0.009000
16796654,1758739029583,buy,4173.800000,0.004000
16796655,1758739029583,buy,4173.800000,0.014000
16796656,1758739029584,buy,4173.800000,0.008000
16796657,1758739029585,sell,4173.700000,0.017000
16796658,1758739030081,buy,4173.800000,0.001000
16796659,1758739030081,buy,4173.800000,0.019000
16796660,1758739030583,sell,4173.700000,0.010000
16796661,1758739030583,buy,4173.800000,0.004000
16796662,1758739030583,buy,4173.800000,0.004000
16796663,1758739030585,sell,4173.700000,0.017000
16796664,1758739030586,buy,4173.800000,0.019000
16796665,1758739031336,buy,4173.800000,0.020000
16796666,1758739031336,buy,4173.800000,0.006000
16796667,1758739031336,buy,4173.800000,0.023000
16796668,1758739031336,buy,4173.800000,0.023000
16796669,1758739031336,buy,4173.800000,0.023000
16796670,1758739031336,buy,4173.800000,0.023000
16796671,1758739031336,buy,4173.800000,0.023000
16796672,1758739031336,buy,4173.800000,0.023000
16796673,1758739031336,buy,4173.800000,0.023000
16796674,1758739031336,buy,4173.800000,0.023000
16796675,1758739031336,buy,4173.800000,0.023000
16796676,1758739031336,buy,4173.800000,0.023000
16796677,1758739031336,buy,4173.800000,0.016000
16796678,1758739031578,sell,4173.700000,0.014000
16796679,1758739031581,buy,4173.800000,0.007000
16796680,1758739031581,buy,4173.800000,0.015000
16796681,1758739031581,sell,4173.700000,0.008000
16796682,1758739031638,buy,4173.800000,0.008000
16796683,1758739031638,buy,4173.800000,0.002000
16796684,1758739031814,buy,4173.800000,0.021000
16796685,1758739031814,buy,4173.800000,0.023000
16796686,1758739031814,buy,4173.800000,0.023000
16796687,1758739031814,buy,4173.800000,0.023000
16796688,1758739031814,buy,4173.800000,0.023000
16796689,1758739031814,buy,4173.800000,0.023000
16796690,1758739031814,buy,4173.800000,0.300000
16796691,1758739031814,buy,4173.800000,0.050000
16796692,1758739031814,buy,4173.800000,0.020000
16796693,1758739031814,buy,4173.900000,0.020000
16796694,1758739031814,buy,4173.900000,0.022000
16796695,1758739031814,buy,4173.900000,0.020000
16796696,1758739031814,buy,4173.900000,0.021000
16796697,1758739031814,buy,4173.900000,0.022000
16796698,1758739031814,buy,4173.900000,0.020000
16796699,1758739031814,buy,4173.900000,0.010000
16796700,1758739031814,buy,4173.900000,0.010000
16796701,1758739031814,buy,4173.900000,0.010000
16796702,1758739031814,buy,4173.900000,0.023000
16796703,1758739031814,buy,4173.900000,0.010000
16796704,1758739031814,buy,4173.900000,0.010000
16796705,1758739031814,buy,4173.900000,0.012000
16796706,1758739031814,buy,4173.900000,0.011000
16796707,1758739031814,buy,4173.900000,0.010000
16796708,1758739031814,buy,4173.900000,0.010000
16796709,1758739031814,buy,4173.900000,0.023000
16796710,1758739031814,buy,4173.900000,4.701000
16796711,1758739032004,buy,4173.790000,1.435000
16796712,1758739032079,buy,4173.800000,0.020000
16796713,1758739032079,buy,4173.800000,0.280000
16796714,1758739032582,sell,4173.700000,0.023000
16796715,1758739032582,buy,4173.800000,0.014000
16796716,1758739032583,buy,4173.800000,0.006000
16796717,1758739032583,buy,4173.800000,0.003000
16796718,1758739032850,buy,4173.800000,0.300000
16796719,1758739033074,buy,4173.710000,3.822000
16796720,1758739033130,sell,4173.700000,0.094000
16796721,1758739033186,sell,4173.700000,0.011000
16796722,1758739033290,buy,4173.800000,0.272000
16796723,1758739033579,buy,4173.800000,0.018000
16796724,1758739033579,sell,4173.700000,0.030000
16796725,1758739033582,buy,4173.800000,0.010000
16796726,1758739033582,buy,4173.800000,0.002000
16796727,1758739033846,buy,4173.800000,0.300000
16796728,1758739034582,buy,4173.800000,0.010000
16796729,1758739034583,sell,4173.700000,0.029000
16796730,1758739034584,buy,4173.800000,0.019000
16796731,1758739034775,sell,4173.700000,0.019000
16796732,1758739035579,sell,4173.700000,0.030000
16796733,1758739035581,buy,4173.800000,0.019000
16796734,1758739035602,buy,4173.800000,0.272000
16796735,1758739035610,buy,4173.800000,0.009000
16796736,1758739035610,buy,4173.800000,0.002000
16796737,1758739035625,buy,4173.800000,0.004000
16796738,1758739035879,buy,4173.800000,0.044000
16796739,1758739035879,buy,4173.800000,0.256000
16796740,1758739035899,buy,4173.800000,0.044000
16796741,1758739035899,buy,4173.800000,0.167000
16796742,1758739035902,sell,4173.700000,0.203000
16796743,1758739036165,buy,4173.800000,0.300000
16796744,1758739036301,buy,4173.740000,7.767000
16796745,1758739036335,buy,4173.800000,0.027000
16796746,1758739036434,buy,4173.800000,0.020000
16796747,1758739036579,buy,4173.800000,0.028000
16796748,1758739036582,sell,4173.700000,0.019000
16796749,1758739036612,sell,4173.700000,0.009000
11851657,1758739039581,sell,4173.700000,0.027000
11851658,1758739039612,buy,4173.800000,0.011000
11851659,1758739039636,sell,4173.760000,2.656000
11851660,1758739039933,buy,4173.800000,1.221000
11851661,1758739039948,sell,4173.700000,0.272000
11851662,1758739040149,buy,4173.800000,0.600000
11851663,1758739040441,buy,4174.000000,0.375000
11851664,1758739040441,buy,4174.100000,0.050000
11851665,1758739040582,buy,4174.200000,0.012000
11851666,1758739040615,sell,4174.100000,0.027000
11851667,1758739040998,buy,4174.200000,0.015000
11851668,1758739041122,buy,4174.200000,0.010000
11851669,1758739041470,sell,4174.110000,10.269000
11851670,1758739041657,buy,4174.200000,0.014000
11851671,1758739041750,sell,4174.100000,0.013000
11851672,1758739042000,sell,4174.100000,0.282000
11851673,1758739042011,buy,4174.200000,0.009000
11851674,1758739042582,sell,4174.100000,0.015000
11851675,1758739042583,buy,4174.200000,0.029000
11851676,1758739042617,sell,4174.100000,0.014000
11851677,1758739043146,buy,4174.200000,0.013000
11851678,1758739043581,sell,4174.100000,0.008000
11851679,1758739043582,buy,4174.200000,0.018000
11851680,1758739043583,sell,4174.100000,0.019000
11851681,1758739043613,buy,4174.200000,0.009000
11851682,1758739044012,sell,4174.100000,0.272000
11851683,1758739044579,buy,4174.200000,0.019000
11851684,1758739044580,sell,4174.100000,0.029000
11851685,1758739044611,buy,4174.200000,0.010000
11851686,1758739044847,sell,4174.100000,0.018000
11851687,1758739045039,buy,4174.200000,11.261000
11851688,1758739045106,buy,4174.220000,5.634000
11851689,1758739045339,buy,4174.300000,0.012000
11851690,1758739045538,sell,4174.200000,0.309000
11851691,1758739045582,buy,4174.400000,0.022000
11851692,1758739045610,sell,4174.200000,0.009000
11851693,1758739045976,sell,4174.200000,0.272000
11851694,1758739046578,buy,4174.400000,0.009000
11851695,1758739046579,sell,4174.300000,0.027000
11851696,1758739046655,buy,4174.400000,0.018000
11851697,1758739047149,sell,4174.300000,0.005000
11851698,1758739047577,sell,4174.300000,0.029000
11851699,1758739047580,buy,4174.400000,0.029000
11851700,1758739047895,sell,4174.300000,0.239000
11851701,1758739048156,sell,4174.300000,0.272000
11851702,1758739048347,buy,4174.370000,9.806000
11851703,1758739048384,buy,4174.400000,4.786000
11851704,1758739048420,sell,4174.300000,1.242000
11851705,1758739048582,sell,4174.400000,0.029000
11851706,1758739048582,buy,4174.500000,0.029000
11851707,1758739048689,buy,4174.500000,0.227000
11851708,1758739049556,buy,4174.500000,0.081000
11851709,1758739049556,buy,4174.600000,0.129000
11851710,1758739049556,buy,4174.700000,2.209000
11851711,1758739049581,sell,4174.600000,0.024000
11851712,1758739049721,sell,4174.600000,0.047000
11851713,1758739050216,buy,4174.700000,0.003000
11851714,1758739050302,sell,4174.600000,0.272000
11851715,1758739050582,sell,4174.600000,0.018000
11851716,1758739050583,buy,4174.700000,0.029000
11851717,1758739050609,sell,4174.600000,0.011000
11851718,1758739051059,buy,4174.700000,0.020000
11851719,1758739051407,buy,4174.800000,0.012000
11851720,1758739051407,buy,4174.900000,0.208000
11851721,1758739051535,buy,4174.900000,5.983000
11851722,1758739051578,sell,4174.700000,0.014000
11851723,1758739051581,buy,4174.900000,0.029000
11851724,1758739051607,sell,4174.700000,0.011000
11851725,1758739051607,sell,4174.600000,0.004000
11851726,1758739051737,sell,4174.800000,0.019000
11851727,1758739051740,buy,4174.900000,0.239000
11851728,1758739051745,sell,4174.800000,0.239000
11851729,1758739052053,sell,4174.880000,3.902000
11851730,1758739052381,sell,4174.800000,0.272000
11851731,1758739052489,buy,4174.900000,0.099000
11851732,1758739052578,sell,4174.800000,0.008000
11851733,1758739052583,buy,4174.900000,0.021000
11851734,1758739052608,sell,4174.800000,0.013000
11851735,1758739052633,buy,4174.900000,0.003000
11851736,1758739053013,buy,4174.900000,2.130000
11851737,1758739053028,sell,4174.800000,0.003000
11851738,1758739053256,sell,4174.800000,0.003000
11851739,1758739053580,sell,4174.800000,0.009000
11851740,1758739053583,buy,4174.900000,0.008000
11851741,1758739053585,sell,4174.800000,0.018000
11851742,1758739053610,buy,4174.900000,2.643000
11851743,1758739053650,buy,4175.000000,3.292000
11851744,1758739054076,buy,4175.000000,0.020000
11851745,1758739054464,sell,4174.940000,10.048000
11851746,1758739054494,sell,4174.900000,0.284000
11851747,1758739054594,buy,4175.000000,0.014000
11851748,1758739054594,sell,4174.900000,0.015000
11851749,1758739054609,buy,4175.000000,0.013000
11851750,1758739054790,buy,4175.000000,0.016000
11851751,1758739055295,buy,4175.000000,0.011000
11851752,1758739055579,sell,4174.900000,0.014000
11851753,1758739055580,buy,4175.000000,0.016000
11851754,1758739055581,sell,4174.900000,0.014000
11851755,1758739055608,buy,4175.000000,0.012000
11851756,1758739056335,sell,4174.900000,0.220000
11851757,1758739056335,buy,4175.000000,0.006000
11851758,1758739056579,buy,4175.000000,0.012000
11851759,1758739056580,sell,4174.900000,0.023000
11851760,1758739056608,buy,4175.000000,0.011000
11851761,1758739056758,sell,4174.900000,0.272000
11851762,1758739057505,sell,4174.900000,0.010000
11851763,1758739057582,buy,4175.000000,0.013000
11851764,1758739057584,sell,4174.900000,0.008000
11851765,1758739057584,buy,4175.000000,0.017000
11851766,1758739057610,sell,4174.900000,0.022000
11851767,1758739057904,sell,4174.900000,0.022000
11851768,1758739058167,buy,4174.950000,8.683000
11851769,1758739058579,sell,4174.900000,0.020000
11851770,1758739058581,buy,4175.000000,0.028000
11851771,1758739058608,sell,4174.900000,0.008000
11851772,1758739058908,sell,4174.900000,0.272000
11851773,1758739059471,buy,4175.000000,0.017000
11851774,1758739059586,buy,4175.000000,0.013000
11851775,1758739059588,sell,4174.900000,0.028000
11851776,1758739059615,buy,4175.000000,0.015000
11851777,1758739059738,buy,4175.000000,0.744000
11851778,1758739060367,buy,4175.000000,0.010000
11851779,1758739060580,sell,4174.900000,0.013000
11851780,1758739060581,buy,4175.000000,0.026000
11851781,1758739060609,sell,4174.900000,0.013000
11851782,1758739060916,sell,4174.900000,0.272000
11851783,1758739061015,buy,4175.000000,0.005000
11851784,1758739061513,buy,4175.000000,0.989000
11851785,1758739061513,buy,4175.100000,1.154000
11851786,1758739061513,buy,4175.200000,1.874000
11851787,1758739061514,buy,4175.300000,2.011000
11851788,1758739061582,sell,4175.200000,0.017000
11851789,1758739061582,buy,4175.300000,0.017000
11851790,1758739061622,sell,4175.240000,5.885000
11851791,1758739061822,sell,4175.200000,8.911000
11851792,1758739062559,sell,4175.200000,0.043000
11851793,1758739062582,buy,4175.300000,0.027000
11851794,1758739062935,sell,4175.200000,0.172000
11851795,1758739063207,sell,4175.200000,0.272000
11851796,1758739063579,sell,4175.200000,0.008000
11851797,1758739063579,buy,4175.300000,0.008000
11851798,1758739063581,sell,4175.200000,0.018000
11851799,1758739063612,buy,4175.300000,0.018000
11851800,1758739064110,sell,4175.200000,0.006000
11851801,1758739064259,buy,4175.240000,1.720000
11851802,1758739064579,buy,4175.300000,0.013000
11851803,1758739064581,sell,4175.200000,0.023000
11851804,1758739064608,buy,4175.300000,0.010000
11851805,1758739065052,buy,4175.300000,10.358000
11851806,1758739065226,sell,4175.200000,0.272000
11851807,1758739065349,buy,4175.280000,2.131000
11851808,1758739065530,buy,4175.300000,0.019000
11851809,1758739065587,sell,4175.200000,0.028000
11851810,1758739065615,buy,4175.300000,0.001000
11851811,1758739065615,buy,4175.400000,0.027000
11851812,1758739066407,sell,4175.300000,2.579000
11851813,1758739066559,buy,4175.400000,0.119000
11851814,1758739066580,sell,4175.300000,0.010000
11851815,1758739066582,buy,4175.400000,0.029000
11851816,1758739066610,sell,4175.300000,1.240000
11851817,1758739066691,sell,4175.360000,4.984000
11851818,1758739066862,sell,4175.300000,0.119000
11851819,1758739067298,sell,4175.300000,0.272000
11851820,1758739067373,buy,4175.400000,0.007000
11851821,1758739067485,sell,4175.300000,0.178000
11851822,1758739067581,buy,4175.400000,0.025000
11851823,1758739068153,buy,4175.400000,0.119000
11851824,1758739068543,buy,4175.360000,3.374000
11851825,1758739068580,sell,4175.300000,0.022000
11851826,1758739068582,buy,4175.400000,0.030000
11851827,1758739068610,sell,4175.300000,0.008000
11851828,1758739069254,sell,4175.300000,0.272000
11851829,1758739069408,sell,4175.300000,0.024000
11851830,1758739069580,sell,4175.300000,0.011000
11851831,1758739069581,buy,4175.400000,0.029000
11851832,1758739069610,sell,4175.300000,0.018000
11851833,1758739070336,sell,4175.350000,7.243000
11851834,1758739070584,sell,4175.300000,0.009000
11851835,1758739070584,buy,4175.400000,0.024000
11851836,1758739070613,sell,4175.300000,0.015000
11851837,1758739070944,buy,4175.400000,0.261000
11851838,1758739071055,buy,4175.400000,10.769000
11851839,1758739071464,buy,4175.400000,0.272000
11851840,1758739071582,sell,4175.300000,0.017000
11851841,1758739071583,buy,4175.400000,0.021000
11851842,1758739071612,sell,4175.300000,0.012000
11851843,1758739071612,buy,4175.400000,0.008000
11851844,1758739072489,buy,4175.400000,0.008000
11851845,1758739072581,sell,4175.300000,0.016000
11851846,1758739072582,buy,4175.400000,0.026000
11851847,1758739072616,sell,4175.300000,0.010000
11851848,1758739073194,buy,4175.400000,0.020000
11851849,1758739073582,sell,4175.300000,0.016000
11851850,1758739073583,buy,4175.400000,0.028000
11851851,1758739073613,sell,4175.300000,0.012000
11851852,1758739073621,buy,4175.400000,0.272000
11851853,1758739073910,buy,4175.340000,6.463000
11851854,1758739074015,sell,4175.300000,0.006000
11851855,1758739074580,sell,4175.300000,0.011000
11851856,1758739074583,buy,4175.400000,0.022000
11851857,1758739074613,sell,4175.300000,0.011000
11851858,1758739075549,sell,4175.300000,0.040000
11851859,1758739075583,buy,4175.400000,0.029000
11851860,1758739075611,sell,4175.300000,0.012000
11851861,1758739075809,buy,4175.400000,0.272000
11851862,1758739076582,sell,4175.300000,0.008000
11851863,1758739076616,buy,4175.400000,0.022000
11851864,1758739076640,buy,4175.310000,6.493000
11851865,1758739076751,sell,4175.300000,0.014000
11851866,1758739077070,buy,4175.400000,0.019000
11851867,1758739077582,buy,4175.400000,0.023000
11851868,1758739077612,sell,4175.300000,0.023000
11851869,1758739078103,buy,4175.400000,1.572000
11851870,1758739078584,sell,4175.300000,0.015000
11851871,1758739078613,buy,4175.400000,0.026000
11851872,1758739078614,sell,4175.300000,0.011000
11851873,1758739078621,buy,4175.400000,0.008000
11851874,1758739079447,sell,4175.390000,6.307000
11851875,1758739079581,sell,4175.300000,0.014000
11851876,1758739079582,buy,4175.400000,0.029000
11851877,1758739079584,sell,4175.300000,1.315000
11851878,1758739079629,buy,4175.400000,0.957000
11851879,1758739080155,sell,4175.300000,0.027000
11851880,1758739080163,buy,4175.400000,0.272000
11851881,1758739080581,sell,4175.300000,0.014000
11851882,1758739080582,buy,4175.400000,21.684000
11851883,1758739080603,buy,4175.500000,0.036000
11851884,1758739080603,buy,4175.600000,0.136000
11851885,1758739080603,buy,4175.700000,0.380000
11851886,1758739080604,buy,4175.800000,0.727000
11851887,1758739080604,buy,4175.900000,1.009000
11851888,1758739080613,sell,4175.300000,0.009000
11851889,1758739080905,sell,4175.800000,5.983000
11851890,1758739081038,buy,4175.900000,0.020000
11851891,1758739081297,buy,4175.900000,0.237000
11851892,1758739081580,buy,4175.900000,0.024000
11851893,1758739081615,sell,4175.800000,0.024000
11851894,1758739081695,buy,4175.900000,0.021000
11851895,1758739082076,buy,4175.830000,3.068000
11851896,1758739082316,buy,4175.900000,0.272000
11851897,1758739082437,sell,4175.800000,0.349000
11851898,1758739082486,buy,4175.900000,0.113000
11851899,1758739082613,buy,4175.900000,0.011000
11851900,1758739082615,sell,4175.800000,0.026000
11851901,1758739082984,sell,4175.800000,0.753000
11851902,1758739082985,sell,4175.700000,0.138000
11851903,1758739082985,sell,4175.600000,0.138000
11851904,1758739083239,buy,4175.600000,0.003000
11851905,1758739083414,sell,4175.500000,0.180000
11851906,1758739083414,sell,4175.400000,0.012000
11851907,1758739083581,sell,4175.500000,0.011000
11851908,1758739083611,buy,4175.600000,0.028000
11851909,1758739083613,sell,4175.500000,0.017000
11851910,1758739084481,buy,4175.600000,0.285000
11851911,1758739084583,sell,4175.500000,0.030000
11851912,1758739084613,buy,4175.600000,0.017000
11851913,1758739084636,sell,4175.580000,3.227000
11851914,1758739084783,sell,4175.500000,0.016000
11851915,1758739085109,buy,4175.600000,38.318000
11851916,1758739085582,sell,4175.500000,0.019000
11851917,1758739085584,buy,4175.600000,0.027000
11851918,1758739085614,sell,4175.500000,0.008000
11851919,1758739085895,buy,4175.600000,0.004000
11851920,1758739086326,sell,4175.500000,0.008000
11851921,1758739086487,buy,4175.560000,4.743000
11851922,1758739086495,sell,4175.500000,2.106000
11851923,1758739086584,buy,4175.600000,0.029000
11851924,1758739086729,buy,4175.600000,0.272000
11851925,1758739086751,sell,4175.500000,0.321000
11851926,1758739086997,buy,4175.600000,0.300000
11851927,1758739087585,sell,4175.500000,0.019000
11851928,1758739087615,buy,4175.600000,0.019000
11851929,1758739087939,sell,4175.500000,0.119000
11851930,1758739088039,buy,4175.600000,0.155000
11851931,1758739088039,buy,4175.700000,0.161000
11851932,1758739088039,buy,4175.800000,0.161000
11851933,1758739088039,buy,4175.900000,0.069000
11851934,1758739088039,buy,4176.000000,2.508000
11851935,1758739088384,sell,4175.900000,1.932000
11851936,1758739088510,sell,4175.970000,2.933000
11851937,1758739088582,sell,4175.900000,0.011000
11851938,1758739088609,buy,4176.000000,0.025000
11851939,1758739088614,sell,4175.900000,0.014000
11851940,1758739088678,buy,4176.000000,0.272000
11851941,1758739089581,sell,4175.900000,0.017000
11851942,1758739089582,buy,4176.000000,0.030000
11851943,1758739089624,sell,4175.900000,0.013000
11851944,1758739089919,sell,4175.950000,4.480000
11851945,1758739090183,buy,4176.000000,0.002000
11851946,1758739090521,sell,4175.900000,0.013000
11851947,1758739090584,buy,4176.000000,0.018000
11851948,1758739090617,sell,4175.900000,0.008000
11851949,1758739090818,buy,4176.000000,0.272000
11851950,1758739091584,buy,4176.000000,0.009000
11851951,1758739091585,sell,4175.900000,0.029000
11851952,1758739091613,buy,4176.000000,0.020000
11851953,1758739092552,sell,4175.900000,0.023000
11851954,1758739092581,buy,4176.000000,0.012000
11851955,1758739092583,sell,4175.900000,0.027000
11851956,1758739092611,buy,4176.000000,0.015000
11851957,1758739092640,sell,4175.900000,5.611000
11851958,1758739092782,buy,4176.000000,0.020000
11851959,1758739093015,buy,4176.000000,0.272000
11851960,1758739093562,buy,4175.920000,2.314000
11851961,1758739093580,buy,4176.000000,0.017000
11851962,1758739093583,sell,4175.900000,0.025000
11851963,1758739093612,buy,4176.000000,0.008000
11851964,1758739094086,buy,4176.000000,0.028000
11851965,1758739094582,sell,4175.900000,0.008000
11851966,1758739094582,buy,4176.000000,0.026000
11851967,1758739094611,sell,4175.900000,0.018000
11851968,1758739095197,buy,4176.000000,0.272000
11851969,1758739095580,sell,4175.900000,0.030000
11851970,1758739095583,buy,4176.000000,0.030000
11851971,1758739095624,sell,4175.900000,0.022000
11851972,1758739096188,buy,4176.100000,0.285000
11851973,1758739096246,buy,4176.070000,7.804000
11851974,1758739096454,buy,4176.100000,4.786000
11851975,1758739096568,buy,4176.100000,5.985000
11851976,1758739096583,sell,4176.000000,0.009000
11851977,1758739096584,buy,4176.100000,0.017000
11851978,1758739096613,sell,4176.000000,0.008000
11851979,1758739096951,buy,4176.100000,0.100000
11851980,1758739096951,buy,4176.200000,0.350000
11851981,1758739096951,buy,4176.300000,0.771000
11851982,1758739097199,sell,4176.000000,0.006000
11851983,1758739097307,buy,4176.300000,0.272000
11851984,1758739097489,sell,4176.200000,0.192000
11851985,1758739097582,buy,4176.300000,0.030000
11851986,1758739098584,buy,4176.300000,0.008000
11851987,1758739098585,sell,4176.200000,0.017000
11851988,1758739098632,buy,4176.300000,0.009000
11851989,1758739098743,buy,4176.300000,0.009000
11851990,1758739099519,buy,4176.300000,0.282000
11851991,1758739099584,sell,4176.200000,0.014000
11851992,1758739099613,buy,4176.300000,0.016000
11851993,1758739099620,sell,4176.200000,0.012000
11851994,1758739099723,sell,4176.230000,6.267000
11851995,1758739100386,buy,4176.300000,0.011000
11851996,1758739100583,sell,4176.200000,0.029000
11851997,1758739100584,buy,4176.300000,0.029000
11851998,1758739101581,sell,4176.200000,0.030000
11851999,1758739101583,buy,4176.300000,0.292000
11852000,1758739101679,sell,4176.200000,10.769000
11852001,1758739101915,sell,4176.200000,0.005000
11852002,1758739102047,buy,4176.300000,0.010000
11852003,1758739102582,sell,4176.200000,0.014000
11852004,1758739102582,buy,4176.300000,0.027000
11852005,1758739102617,sell,4176.200000,0.013000
11852006,1758739102855,sell,4176.200000,0.237000
11852007,1758739103029,buy,4176.300000,0.020000
11852008,1758739103455,sell,4176.200000,0.015000
11852009,1758739103461,sell,4176.220000,4.473000
11852010,1758739103581,buy,4176.300000,0.010000
11852011,1758739103583,sell,4176.200000,0.026000
11852012,1758739103619,buy,4176.300000,0.016000
11852013,1758739103748,sell,4176.200000,0.272000
11852014,1758739104542,sell,4176.200000,6.524000
11852015,1758739104591,buy,4176.300000,0.023000
11852016,1758739104596,sell,4176.200000,0.023000
11852017,1758739104979,buy,4176.300000,0.014000
11852018,1758739105125,buy,4176.300000,2.610000
11852019,1758739105582,sell,4176.300000,0.022000
11852020,1758739105582,buy,4176.400000,0.022000
11852021,1758739105765,sell,4176.300000,0.272000
11852022,1758739106223,buy,4176.310000,1.936000
11852023,1758739106286,sell,4176.300000,0.060000
11852024,1758739106536,buy,4176.400000,0.011000
11852025,1758739106580,sell,4176.300000,0.013000
11852026,1758739106582,buy,4176.400000,0.013000
11852027,1758739106615,sell,4176.300000,0.012000
11852028,1758739106617,buy,4176.400000,0.012000
11852029,1758739107236,buy,4176.400000,0.020000
11852030,1758739107542,buy,4176.330000,9.468000
11852031,1758739107572,buy,4176.400000,0.808000
11852032,1758739107583,buy,4176.500000,0.029000
11852033,1758739107615,sell,4176.300000,0.029000
11852034,1758739107821,sell,4176.400000,0.272000
11852035,1758739107942,sell,4176.400000,12.054000
11852036,1758739108101,sell,4176.400000,0.025000
11852037,1758739108581,sell,4176.400000,0.008000
11852038,1758739108583,buy,4176.500000,0.018000
11852039,1758739108612,sell,4176.400000,0.010000
11852040,1758739108658,buy,4176.500000,0.969000
11852041,1758739109583,buy,4176.500000,0.012000
11852042,1758739109585,sell,4176.400000,0.027000
11852043,1758739109612,buy,4176.500000,0.032000
11852044,1758739109760,sell,4176.400000,0.272000
11852045,1758739110294,sell,4176.400000,47.360000
11852046,1758739110294,sell,4176.300000,17.142000
11852047,1758739110600,sell,4176.400000,0.300000
11852048,1758739110908,buy,4176.500000,3.212000
11852049,1758739111021,buy,4176.500000,0.119000
11852050,1758739111021,sell,4176.400000,0.119000
11852051,1758739111135,buy,4176.500000,0.399000
11852052,1758739111190,sell,4176.400000,0.004000
11852053,1758739111263,sell,4176.410000,5.624000
11852054,1758739111324,sell,4176.400000,0.300000
11852055,1758739111934,sell,4176.400000,0.272000
11852056,1758739112262,buy,4176.500000,0.348000
11852057,1758739112489,sell,4176.400000,0.098000
11852058,1758739112896,sell,4176.400000,0.013000
11852059,1758739114042,sell,4176.400000,0.272000
11852060,1758739114277,sell,4176.400000,0.253000
11852061,1758739114479,sell,4176.400000,8.788000
11852062,1758739114554,sell,4176.200000,5.410000
11852063,1758739114554,sell,4176.000000,0.023000
11852064,1758739114617,sell,4176.170000,7.853000
11852065,1758739114932,buy,4176.000000,0.013000
11852066,1758739114972,sell,4175.900000,0.779000
11852067,1758739115235,buy,4175.700000,0.020000
11852068,1758739116227,sell,4175.600000,0.272000
11852069,1758739116462,buy,4175.700000,0.004000
11852070,1758739116654,buy,4175.700000,0.239000
11852071,1758739117992,sell,4175.600000,0.017000
11852072,1758739118244,buy,4175.610000,3.365000
11852073,1758739118301,sell,4175.600000,0.272000
11852074,1758739118566,sell,4175.600000,0.300000
11852075,1758739119501,sell,4175.600000,5.983000
11852076,1758739119523,buy,4175.700000,0.019000
11852077,1758739120515,sell,4175.600000,0.272000
11852078,1758739120699,buy,4175.670000,7.126000
11852079,1758739121041,sell,4175.600000,0.005000
11852080,1758739121318,sell,4175.600000,1.887000
11852081,1758739121594,sell,4175.600000,0.300000
11852082,1758739121756,buy,4175.700000,37.353000
11852083,1758739122495,sell,4175.600000,0.286000
11852084,1758739122929,sell,4175.600000,0.119000
11852085,1758739123004,buy,4175.700000,1.374000
11852086,1758739123195,sell,4175.600000,0.300000
11852087,1758739123770,buy,4175.700000,0.116000
11852088,1758739124094,sell,4175.650000,8.394000
11852089,1758739124114,buy,4175.700000,0.029000
11852090,1758739124341,sell,4175.600000,0.007000
11852091,1758739124549,sell,4175.600000,0.272000
11852092,1758739125529,buy,4175.700000,4.026000
11852093,1758739125648,sell,4175.600000,0.021000
11852094,1758739126238,buy,4175.630000,7.242000
11852095,1758739126579,buy,4175.700000,0.047000
11852096,1758739126797,sell,4175.600000,0.272000
11852097,1758739126801,buy,4175.700000,1.169000
11852098,1758739127202,sell,4175.600000,0.008000
11852099,1758739127275,buy,4175.700000,1.720000
11852100,1758739127361,sell,4175.600000,0.116000
11852101,1758739127489,buy,4175.700000,0.161000
11852102,1758739128395,sell,4175.600000,0.848000
11852103,1758739128701,sell,4175.600000,37.226000
11852104,1758739128732,sell,4175.500000,0.020000
11852105,1758739128750,buy,4175.700000,0.019000
11852106,1758739128774,sell,4175.600000,0.300000
11852107,1758739129003,sell,4175.300000,1.785000
11852108,1758739129048,sell,4175.200000,2.173000
11852109,1758739129048,sell,4175.000000,2.582000
11852110,1758739129165,buy,4175.400000,38.320000
11852111,1758739129196,sell,4175.300000,0.300000
11852112,1758739129252,sell,4175.000000,8.245000
11852113,1758739129286,sell,4175.370000,3.889000
11852114,1758739129448,sell,4175.000000,1.545000
11852115,1758739129615,buy,4175.100000,0.218000
11852116,1758739130313,sell,4175.000000,0.007000
11852117,1758739131254,buy,4175.100000,5.983000
11852118,1758739131525,buy,4175.070000,7.859000
11852119,1758739131576,sell,4175.000000,0.272000
11852120,1758739131854,sell,4175.000000,0.012000
11852121,1758739132968,buy,4175.100000,0.036000
11852122,1758739133030,sell,4175.200000,0.958000
11852123,1758739133209,buy,4175.100000,8.877000
11852124,1758739133527,buy,4175.400000,0.380000
11852125,1758739133557,buy,4175.700000,0.008000
11852126,1758739133704,sell,4175.600000,0.272000
11852127,1758739134205,sell,4175.670000,3.725000
11852128,1758739135160,buy,4175.700000,0.082000
11852129,1758739135591,sell,4175.640000,4.182000
11852130,1758739135869,buy,4175.700000,0.004000
11852131,1758739136011,buy,4175.700000,0.272000
11852132,1758739136277,buy,4175.700000,0.778000
11852133,1758739136668,sell,4175.600000,0.012000
11852134,1758739136878,buy,4175.700000,2.069000
11852135,1758739137402,buy,4175.700000,0.020000
11852136,1758739137501,buy,4175.650000,8.819000
11852137,1758739137573,sell,4175.600000,0.012000
11852138,1758739137673,buy,4175.700000,0.004000
11852139,1758739138185,sell,4175.600000,1.303000
11852140,1758739138307,buy,4175.700000,0.272000
11852141,1758739138350,sell,4175.600000,0.603000
11852142,1758739138816,sell,4175.600000,11.929000
11852143,1758739139271,sell,4175.600000,0.119000
11852144,1758739139602,buy,4175.700000,0.022000
11852145,1758739139867,buy,4175.700000,0.300000
11852146,1758739140257,buy,4175.700000,0.272000
11852147,1758739140526,buy,4175.700000,0.300000
11852148,1758739141125,sell,4175.600000,0.016000
11852149,1758739141475,sell,4175.600000,6.148000
11852150,1758739141765,sell,4175.600000,2.000000
11852151,1758739142380,sell,4175.600000,0.794000
11852152,1758739142487,buy,4175.700000,0.375000
11852153,1758739142646,sell,4175.600000,0.306000
11852154,1758739142972,sell,4175.600000,0.001000
11852155,1758739143251,sell,4175.630000,5.321000
11852156,1758739144184,buy,4175.700000,0.022000
11852157,1758739144575,buy,4175.700000,0.272000
11852158,1758739145083,buy,4175.610000,3.785000
11852159,1758739145671,buy,4175.700000,0.244000
11852160,1758739145720,sell,4175.600000,0.006000
11852161,1758739146738,buy,4175.700000,0.272000
11852162,1758739147215,buy,4175.700000,0.239000
11852163,1758739147248,sell,4175.600000,0.016000
11852164,1758739147352,sell,4175.680000,5.565000
11852165,1758739147499,buy,4175.700000,0.384000
11852166,1758739148219,sell,4175.600000,1.120000
11852167,1758739148793,buy,4175.700000,0.006000
11852168,1758739148912,buy,4175.700000,0.276000
11852169,1758739149161,buy,4175.700000,33.584000
11852170,1758739149615,buy,4175.800000,0.039000
11852171,1758739149904,sell,4175.800000,0.004000
11852172,1758739150306,buy,4175.810000,2.159000
11852173,1758739150347,buy,4175.900000,0.023000
11852174,1758739150559,buy,4175.900000,11.929000
11852175,1758739150590,sell,4175.800000,0.047000
11852176,1758739151100,buy,4175.900000,0.272000
11852177,1758739151408,buy,4175.900000,0.842000
11852178,1758739151573,buy,4175.900000,0.593000
11852179,1758739151782,buy,4175.850000,4.490000
11852180,1758739151909,sell,4175.800000,0.029000
11852181,1758739152826,sell,4175.800000,0.384000
11852182,1758739153211,buy,4175.900000,0.272000
11852183,1758739153262,sell,4175.870000,3.755000
11852184,1758739153317,buy,4175.900000,0.004000
11852185,1758739153470,buy,4175.900000,0.010000
11852186,1758739153731,sell,4175.800000,0.004000
11852187,1758739154643,sell,4175.800000,0.120000
11852188,1758739154769,sell,4175.800000,4.026000
11852189,1758739154886,sell,4175.800000,0.119000
11852190,1758739155014,buy,4175.860000,8.629000
11852191,1758739155143,buy,4175.900000,0.292000
11852192,1758739155763,sell,4175.800000,0.046000
11852193,1758739156867,buy,4175.900000,0.005000
11852194,1758739157202,sell,4175.800000,0.017000
11852195,1758739157327,buy,4175.900000,0.272000
11852196,1758739157567,sell,4175.800000,0.005000
11852197,1758739157924,sell,4175.840000,5.973000
11852198,1758739158071,sell,4175.800000,5.983000
11852199,1758739158537,buy,4175.900000,0.005000
11852200,1758739159221,sell,4175.800000,0.013000
11852201,1758739159464,buy,4175.900000,0.272000
11852202,1758739160396,sell,4175.890000,5.582000
11852203,1758739160634,sell,4175.800000,3.246000
11852204,1758739160836,sell,4175.800000,0.829000
11852205,1758739160970,sell,4175.800000,4.786000
11852206,1758739161549,buy,4175.900000,0.272000
11852207,1758739161552,sell,4175.800000,0.102000
11852208,1758739161580,buy,4175.900000,0.003000
11852209,1758739161838,sell,4175.800000,8.580000
11852210,1758739161855,sell,4175.700000,14.686000
11852211,1758739162169,sell,4175.600000,0.300000
11852212,1758739162271,sell,4175.600000,5.983000
11852213,1758739162518,sell,4175.600000,5.334000
11852214,1758739162518,sell,4175.400000,0.020000
11852215,1758739162518,sell,4175.300000,9.656000
11852216,1758739163087,buy,4175.210000,8.656000
11852217,1758739163127,buy,4175.300000,5.987000
11852218,1758739163696,sell,4175.200000,46.855000
11852219,1758739163867,buy,4175.300000,0.272000
11852220,1758739164594,sell,4175.200000,0.049000
11852221,1758739164738,sell,4175.200000,0.243000
11852222,1758739166090,buy,4175.300000,0.272000
11852223,1758739166192,buy,4175.300000,0.012000
11852224,1758739166616,sell,4175.220000,3.405000
11852225,1758739166746,buy,4175.300000,0.885000
11852226,1758739167777,buy,4175.300000,0.010000
11852227,1758739168343,sell,4175.200000,0.272000
11852228,1758739169300,sell,4175.200000,0.022000
11852229,1758739169652,sell,4175.200000,4.786000
11852230,1758739169940,sell,4175.290000,1.367000
11852231,1758739170283,sell,4175.200000,0.272000
11852232,1758739170772,buy,4175.300000,2.481000
11852233,1758739171680,sell,4175.200000,0.119000
11852234,1758739172401,sell,4175.200000,0.276000
11852235,1758739172487,buy,4175.300000,0.153000
11852236,1758739172648,sell,4175.200000,0.265000
11852237,1758739173209,buy,4175.300000,0.349000
11852238,1758739173823,buy,4175.300000,4.025000
11852239,1758739173945,sell,4175.200000,0.016000
11852240,1758739174616,sell,4175.200000,0.272000
11852241,1758739175008,buy,4175.300000,0.123000
11852242,1758739175517,buy,4175.300000,0.010000
11852243,1758739176704,sell,4175.200000,0.272000
11852244,1758739177058,buy,4175.300000,0.020000
11852245,1758739178257,sell,4175.200000,0.123000
11852246,1758739178490,buy,4175.250000,5.753000
11852247,1758739178693,sell,4175.200000,0.281000
11852248,1758739180697,sell,4175.200000,0.021000
11852249,1758739180824,sell,4175.200000,0.272000
11852250,1758739181334,sell,4175.290000,2.951000
11852251,1758739181759,buy,4175.300000,0.004000
11852252,1758739182444,buy,4175.300000,0.237000
11852253,1758739182751,buy,4175.300000,0.014000
11852254,1758739182866,sell,4175.200000,0.272000
11852255,1758739182902,sell,4175.290000,2.991000
11852256,1758739183791,sell,4175.200000,0.004000
11852257,1758739183880,buy,4175.300000,0.169000
11852258,1758739184282,sell,4175.200000,0.009000
11852259,1758739184630,buy,4175.220000,4.882000
11852260,1758739185074,sell,4175.200000,0.272000
11852261,1758739185814,sell,4175.200000,0.005000
11852262,1758739186022,sell,4175.200000,6.237000
11852263,1758739186350,buy,4175.200000,0.042000
11852264,1758739186359,sell,4175.100000,1.197000
11852265,1758739186849,buy,4175.200000,2.396000
11852266,1758739187188,sell,4175.160000,1.509000
11852267,1758739187218,sell,4175.100000,0.470000
11852268,1758739187305,sell,4175.000000,6.609000
11852269,1758739187369,buy,4175.100000,0.027000
11852270,1758739187425,sell,4175.000000,0.480000
11852271,1758739187559,sell,4175.000000,0.425000
11852272,1758739187702,buy,4175.100000,0.472000
11852273,1758739188113,buy,4175.100000,0.004000
11852274,1758739188187,sell,4175.000000,2.951000
11852275,1758739188261,buy,4175.100000,0.271000
11852276,1758739188624,sell,4175.030000,4.350000
11852277,1758739188663,sell,4175.000000,9.908000
11852278,1758739188889,sell,4175.000000,0.021000
11852279,1758739189045,buy,4175.100000,0.004000
11852280,1758739189093,sell,4175.000000,0.005000
11852281,1758739189310,sell,4175.000000,0.287000
11852282,1758739189714,buy,4175.100000,0.004000
11852283,1758739189823,sell,4175.000000,0.004000
11852284,1758739189940,sell,4175.000000,3.348000
11852285,1758739190090,sell,4175.000000,1.116000
11852286,1758739190422,sell,4175.000000,0.006000
11852287,1758739190700,sell,4175.000000,0.004000
11852288,1758739191255,sell,4175.000000,0.272000
11852289,1758739191760,buy,4175.060000,4.115000
11852290,1758739191964,buy,4175.100000,0.025000
11852291,1758739193145,sell,4175.000000,1.655000
11852292,1758739193377,sell,4175.000000,0.272000
11852293,1758739193514,sell,4175.000000,0.016000
11852294,1758739194437,sell,4175.060000,3.713000
11852295,1758739194495,sell,4175.000000,1.168000
11852296,1758739194577,buy,4175.100000,1.953000
11852297,1758739195062,sell,4175.000000,0.009000
11852298,1758739195505,sell,4175.000000,0.272000
11852299,1758739195998,sell,4175.000000,0.006000
11852300,1758739196382,sell,4175.000000,35.432000
11852301,1758739196600,sell,4175.000000,6.709000
11852302,1758739196619,buy,4175.100000,0.012000
11852303,1758739196632,sell,4175.000000,12.636000
11852304,1758739196863,sell,4175.000000,17.576000
11852305,1758739196976,sell,4175.000000,0.002000
11852306,1758739197087,buy,4175.010000,2.275000
11852307,1758739197103,sell,4175.000000,4.026000
11852308,1758739197259,sell,4175.000000,0.232000
11852309,1758739197612,sell,4175.000000,0.274000
11852310,1758739198039,buy,4175.100000,2.083000
11852311,1758739198066,sell,4175.000000,0.002000
11852312,1758739198157,buy,4175.100000,0.015000
11852313,1758739198359,sell,4175.000000,0.163000
11852314,1758739198387,sell,4175.060000,1.971000
11852315,1758739198833,buy,4175.100000,0.119000
11852316,1758739199704,sell,4175.000000,0.892000
11852317,1758739199808,buy,4175.100000,0.272000
11852318,1758739200104,buy,4175.100000,0.479000
11852319,1758739200608,buy,4175.100000,0.100000
11852320,1758739200609,sell,4175.000000,0.300000
11852321,1758739200620,buy,4175.100000,0.400000
11852322,1758739200627,sell,4175.000000,0.200000
11852323,1758739200992,buy,4175.100000,0.050000
11852324,1758739200997,sell,4175.000000,0.100000
11852325,1758739201003,buy,4175.100000,0.050000
11852326,1758739201126,sell,4175.000000,1.132000
11852327,1758739201250,sell,4175.000000,0.020000
11852328,1758739201588,buy,4175.040000,1.605000
11852329,1758739202004,buy,4175.100000,0.272000
11852330,1758739202489,buy,4175.100000,0.092000
11852331,1758739202972,buy,4175.100000,0.006000
11852332,1758739203093,sell,4175.000000,2.049000
11852333,1758739203551,sell,4175.000000,0.085000
11852334,1758739203881,sell,4175.000000,0.048000
11852335,1758739203896,buy,4175.100000,1.954000
11852336,1758739203946,sell,4175.090000,2.171000
11852337,1758739204140,buy,4175.100000,0.272000
11852338,1758739205039,buy,4175.100000,0.017000
11852339,1758739205610,buy,4175.040000,2.953000
11852340,1758739206563,sell,4175.000000,0.014000
11852341,1758739206733,sell,4175.030000,2.663000
11852342,1758739206764,buy,4175.100000,0.272000
11852343,1758739207813,sell,4175.000000,15.441000
11852344,1758739207902,buy,4175.040000,4.105000
11852345,1758739208090,sell,4175.000000,0.009000
11852346,1758739208730,buy,4175.100000,0.272000
11852347,1758739209257,sell,4175.010000,3.824000
11852348,1758739209620,buy,4175.100000,0.003000
11852349,1758739210662,buy,4175.100000,0.272000
11852350,1758739211145,buy,4175.100000,0.016000
11852351,1758739211357,buy,4175.040000,3.064000
11852352,1758739211866,buy,4175.100000,0.173000
11852353,1758739212586,buy,4175.100000,0.272000
11852354,1758739212692,sell,4175.000000,0.009000
11852355,1758739212961,buy,4175.100000,5.983000
11852356,1758739213287,sell,4175.090000,7.811000
11852357,1758739213738,buy,4175.100000,0.600000
11852358,1758739214217,sell,4175.000000,0.023000
11852359,1758739214557,buy,4175.100000,0.272000
11852360,1758739214811,sell,4175.000000,4.856000
11852361,1758739215803,buy,4175.100000,0.010000
11852362,1758739215965,buy,4175.100000,4.530000
11852363,1758739216497,buy,4175.100000,0.272000
11852364,1758739217103,buy,4175.030000,5.246000
11852365,1758739217361,buy,4175.100000,0.013000
11852366,1758739217597,sell,4175.000000,0.172000
11852367,1758739218329,buy,4175.100000,0.048000
11852368,1758739218439,buy,4175.100000,0.272000
11852369,1758739218690,sell,4175.000000,5.983000
11852370,1758739218873,buy,4175.010000,4.756000
11852371,1758739218929,sell,4175.000000,0.023000
11852372,1758739219494,buy,4175.100000,0.173000
11852373,1758739220361,buy,4175.100000,0.272000
11852374,1758739220481,buy,4175.100000,0.012000
11852375,1758739221411,sell,4175.020000,3.791000
11852376,1758739221722,buy,4175.100000,0.526000
11852377,1758739221911,buy,4175.100000,0.119000
11852378,1758739222127,buy,4175.100000,0.009000
11852379,1758739222315,buy,4175.100000,0.272000
11852380,1758739222524,buy,4175.070000,5.333000
11852381,1758739222997,buy,4175.100000,0.173000
11852382,1758739223768,sell,4175.000000,0.021000
11852383,1758739224251,buy,4175.100000,0.272000
11852384,1758739224338,sell,4175.040000,3.238000
11852385,1758739224766,sell,4175.000000,0.526000
11852386,1758739225497,buy,4175.100000,0.006000
11852387,1758739226528,buy,4175.100000,0.272000
11852388,1758739226753,buy,4175.100000,0.173000
11852389,1758739227532,buy,4175.100000,0.011000
11852390,1758739228011,buy,4175.100000,0.867000
11852391,1758739228719,buy,4175.100000,0.489000
11852392,1758739228907,sell,4175.010000,4.712000
11852393,1758739228961,buy,4175.100000,0.272000
11852394,1758739229050,sell,4175.000000,0.009000
11852395,1758739230321,buy,4175.100000,4.745000
11852396,1758739230570,sell,4175.000000,0.008000
11852397,1758739231010,buy,4175.100000,36.600000
11852398,1758739231324,sell,4175.000000,0.272000
11852399,1758739231644,buy,4175.050000,9.559000
11852400,1758739232089,buy,4175.100000,0.016000
11852401,1758739232244,sell,4175.000000,0.489000
11852402,1758739232488,buy,4175.100000,0.089000
11852403,1758739233506,sell,4175.000000,0.272000
11852404,1758739233620,sell,4175.000000,0.009000
11852405,1758739233833,sell,4175.000000,1.133000
11852406,1758739234041,buy,4175.100000,0.005000
11852407,1758739234447,sell,4175.000000,0.005000
11852408,1758739234859,buy,4175.100000,38.322000
11852409,1758739235180,sell,4175.070000,2.331000
11852410,1758739235193,sell,4175.000000,0.007000
11852411,1758739235228,buy,4175.100000,10.769000
11852412,1758739235549,sell,4175.000000,0.320000
11852413,1758739236534,sell,4175.000000,74.418000
11852414,1758739236730,buy,4175.100000,0.030000
11852415,1758739237056,sell,4175.050000,4.688000
11852416,1758739237379,sell,4175.000000,0.472000
11852417,1758739237428,buy,4175.100000,0.119000
11852418,1758739237871,sell,4175.000000,0.272000
11852419,1758739238286,sell,4175.000000,0.009000
11852420,1758739239000,buy,4175.100000,0.004000
11852421,1758739239471,buy,4175.090000,3.535000
11852422,1758739239832,sell,4175.000000,0.021000
11852423,1758739240409,sell,4175.000000,0.272000
11852424,1758739241377,buy,4175.100000,0.004000
11852425,1758739241565,sell,4175.060000,6.693000
11852426,1758739242507,sell,4175.000000,0.272000
11852427,1758739243085,buy,4175.100000,0.017000
11852428,1758739243767,buy,4175.100000,0.274000
11852429,1758739243817,buy,4175.020000,8.221000
11852430,1758739244761,sell,4175.000000,0.272000
11852431,1758739245110,sell,4175.000000,0.021000
11852432,1758739246282,sell,4175.060000,5.139000
11852433,1758739246664,buy,4175.100000,0.024000
11852434,1758739247006,sell,4175.000000,7.458000
11852435,1758739247490,buy,4175.100000,1.722000
11852436,1758739248252,sell,4175.000000,0.003000
11852437,1758739248608,buy,4175.000000,4.822000
11852438,1758739248843,sell,4175.000000,7.186000
11852439,1758739248974,buy,4175.100000,0.048000
11852440,1758739249161,sell,4175.000000,0.983000
11852441,1758739249291,sell,4175.000000,0.272000
11852442,1758739249399,buy,4175.100000,3.513000
11852443,1758739249775,sell,4175.000000,0.021000
11852444,1758739250600,sell,4175.000000,7.186000
11852445,1758739251023,buy,4175.100000,0.004000
11852446,1758739251294,buy,4175.100000,0.015000
11852447,1758739251383,sell,4175.000000,0.272000
11852448,1758739252117,sell,4175.050000,3.232000
11852449,1758739252143,sell,4175.000000,0.004000
11852450,1758739252357,sell,4175.000000,7.186000
11852451,1758739252566,buy,4175.100000,3.500000
11852452,1758739252851,buy,4175.100000,0.014000
11852453,1758739253570,sell,4175.000000,0.272000
11852454,1758739253688,sell,4175.090000,5.294000
11852455,1758739253770,buy,4175.100000,0.004000
11852456,1758739253844,sell,4175.000000,0.005000
11852457,1758739254114,sell,4175.000000,7.186000
11852458,1758739254338,buy,4175.100000,0.005000
11852459,1758739254338,sell,4175.000000,0.274000
11852460,1758739254342,buy,4175.100000,1.145000
11852461,1758739254391,sell,4175.000000,0.020000
11852462,1758739255162,sell,4175.000000,0.004000
11852463,1758739255468,sell,4175.000000,0.005000
11852464,1758739255615,sell,4175.000000,0.272000
11852465,1758739255879,sell,4175.000000,7.195000
11852466,1758739256221,sell,4175.000000,4.357000
11852467,1758739256681,buy,4175.090000,2.674000
11852468,1758739256828,buy,4175.100000,0.048000
11852469,1758739257450,buy,4175.100000,0.025000
11852470,1758739257654,sell,4175.000000,7.186000
11852471,1758739257821,sell,4175.000000,5.983000
11852472,1758739257821,buy,4175.010000,5.650000
11852473,1758739258116,sell,4175.000000,0.272000
11852474,1758739258987,sell,4175.000000,0.021000
11852475,1758739259465,sell,4175.000000,7.186000
11852476,1758739260050,sell,4175.000000,0.272000
11852477,1758739260533,sell,4175.000000,0.004000
11852478,1758739260884,sell,4175.000000,4.786000
11852479,1758739260972,buy,4175.100000,0.119000
11852480,1758739261309,sell,4175.020000,9.809000
11852481,1758739261324,sell,4175.000000,7.186000
11852482,1758739261675,buy,4175.100000,24.371000
11852483,1758739262046,sell,4175.000000,0.272000
11852484,1758739262076,buy,4175.100000,0.017000
11852485,1758739262485,sell,4175.000000,0.096000
11852486,1758739263084,sell,4175.000000,7.186000
11852487,1758739264072,buy,4175.100000,0.009000
11852488,1758739264208,buy,4175.100000,0.272000
11852489,1758739264847,sell,4175.000000,7.186000
11852490,1758739265853,sell,4175.000000,132.684000
11852491,1758739266096,sell,4175.000000,0.026000
11852492,1758739266443,buy,4175.100000,0.272000
11852493,1758739266604,sell,4175.000000,7.186000
11852494,1758739267658,buy,4175.100000,0.004000
11852495,1758739268376,sell,4175.000000,7.186000
11852496,1758739268477,buy,4175.010000,3.162000
11852497,1758739268558,buy,4175.100000,0.251000
11852498,1758739268771,buy,4175.100000,0.272000
11852499,1758739268970,sell,4175.000000,69.743000
11852500,1758739268970,sell,4174.900000,1.703000
11852501,1758739269204,buy,4175.000000,0.012000
11852502,1758739269348,buy,4175.000000,0.050000
11852503,1758739269756,sell,4174.900000,0.048000
11852504,1758739270163,sell,4174.900000,7.186000
11852505,1758739270729,sell,4174.900000,0.013000
11852506,1758739270807,buy,4175.000000,0.005000
11852507,1758739271041,buy,4174.910000,3.612000
11852508,1758739271070,sell,4174.900000,0.005000
11852509,1758739271391,buy,4175.000000,0.272000
11852510,1758739271920,sell,4174.900000,2.431000
11852511,1758739271920,sell,4174.800000,0.112000
11852512,1758739271920,sell,4174.700000,0.072000
11852513,1758739271920,sell,4174.600000,0.014000
11852514,1758739271920,sell,4174.500000,0.547000
11852515,1758739271920,sell,4174.400000,4.010000
11852516,1758739272207,buy,4174.500000,6.644000
11852517,1758739272249,sell,4174.300000,0.003000
11852518,1758739272622,buy,4174.400000,5.983000
11852519,1758739272828,buy,4174.400000,4.786000
11852520,1758739272984,sell,4174.300000,0.020000
11852521,1758739273347,buy,4174.400000,0.272000
11852522,1758739273675,sell,4174.300000,7.186000
11852523,1758739273772,buy,4174.400000,0.007000
11852524,1758739274032,sell,4174.390000,1.874000
11852525,1758739274647,buy,4174.400000,0.015000
11852526,1758739275153,buy,4174.400000,12.054000
11852527,1758739275301,buy,4174.400000,0.292000
11852528,1758739275433,sell,4174.300000,7.186000
11852529,1758739275598,buy,4174.400000,0.300000
11852530,1758739276543,buy,4174.370000,2.101000
11852531,1758739276628,sell,4174.300000,0.251000
11852532,1758739276830,sell,4174.300000,0.027000
11852533,1758739276943,buy,4174.400000,0.119000
11852534,1758739277192,sell,4174.300000,7.186000
11852535,1758739277328,buy,4174.400000,0.272000
11852536,1758739277490,sell,4174.300000,0.106000
11852537,1758739277613,sell,4174.320000,6.519000
11852538,1758739277841,sell,4174.300000,0.702000
11852539,1758739278258,buy,4174.400000,0.047000
11852540,1758739278373,buy,4174.400000,0.011000
11852541,1758739278953,sell,4174.300000,7.186000
11852542,1758739279478,buy,4174.400000,0.272000
11852543,1758739279914,buy,4174.400000,0.006000
11852544,1758739280729,sell,4174.300000,7.186000
11852545,1758739281421,buy,4174.400000,0.272000
11852546,1758739281455,sell,4174.300000,0.017000
11852547,1758739281512,buy,4174.320000,3.709000
11852548,1758739282521,sell,4174.300000,19.399000
11852549,1758739282635,buy,4174.400000,0.010000
11852550,1758739283456,buy,4174.400000,0.026000
11852551,1758739283602,buy,4174.400000,41.343000
11852552,1758739283942,buy,4174.400000,47.482000
11852553,1758739283989,buy,4174.800000,1.361000
11852554,1758739284002,buy,4174.400000,0.300000
11852555,1758739284284,buy,4174.700000,0.235000
11852556,1758739284286,sell,4174.600000,7.186000
11852557,1758739284657,buy,4174.700000,2.551000
11852558,1758739285222,buy,4174.650000,1.123000
11852559,1758739285258,buy,4174.700000,1.271000
11852560,1758739285622,buy,4174.700000,0.272000
11852561,1758739285639,sell,4174.600000,0.008000
11852562,1758739285671,buy,4174.700000,0.002000
11852563,1758739286064,sell,4174.600000,7.186000
11852564,1758739286474,buy,4174.680000,7.061000
11852565,1758739287557,buy,4174.700000,0.272000
11852566,1758739287820,sell,4174.600000,7.186000
11852567,1758739287945,sell,4174.600000,0.018000
11852568,1758739288550,buy,4174.700000,0.048000
11852569,1758739289488,buy,4174.700000,0.018000
11852570,1758739289577,sell,4174.600000,7.186000
11852571,1758739289729,buy,4174.700000,0.272000
11852572,1758739290189,sell,4174.680000,6.329000
11852573,1758739290515,sell,4174.600000,0.235000
11852574,1758739290611,buy,4174.700000,0.004000
11852575,1758739291046,buy,4174.700000,0.006000
11852576,1758739291354,sell,4174.600000,7.857000
11852577,1758739292452,buy,4174.700000,0.372000
11852578,1758739292584,sell,4174.600000,0.014000
11852579,1758739292855,sell,4174.610000,3.093000
11852580,1758739292866,sell,4174.600000,0.023000
11852581,1758739293218,sell,4174.600000,7.186000
11852582,1758739293980,buy,4174.700000,3.015000
11852583,1758739294104,sell,4174.600000,0.010000
11852584,1758739294210,buy,4174.640000,6.542000
11852585,1758739294532,buy,4174.700000,0.272000
11852586,1758739294928,sell,4174.600000,10.195000
11852587,1758739295619,sell,4174.600000,5.983000
11852588,1758739295634,buy,4174.700000,0.005000
11852589,1758739295796,buy,4174.700000,0.140000
11852590,1758739295889,sell,4174.600000,0.300000
11852591,1758739296451,sell,4174.600000,4.373000
11852592,1758739296751,sell,4174.600000,7.458000
11852593,1758739297177,buy,4174.700000,0.021000
11852594,1758739297395,buy,4174.700000,0.045000
11852595,1758739297759,sell,4174.680000,3.519000
11852596,1758739298219,buy,4174.700000,1.635000
11852597,1758739298506,sell,4174.600000,7.186000
11852598,1758739298708,sell,4174.600000,0.005000
11852599,1758739298828,sell,4174.600000,0.272000
11852600,1758739298845,buy,4174.700000,21.137000
11852601,1758739299088,buy,4174.700000,0.300000
11852602,1758739299108,buy,4174.800000,5.086000
11852603,1758739299599,buy,4174.700000,0.390000
11852604,1758739299614,buy,4174.800000,5.893000
11852605,1758739299880,buy,4174.800000,0.300000
11852606,1758739300250,sell,4174.700000,7.207000
11852607,1758739300300,sell,4174.720000,4.878000
11852608,1758739300426,sell,4174.700000,0.220000
11852609,1758739300948,sell,4174.700000,0.272000
11852610,1758739301794,buy,4174.800000,0.013000
11852611,1758739301840,sell,4174.700000,0.048000
11852612,1758739302026,sell,4174.700000,7.186000
11852613,1758739302476,buy,4174.800000,3.274000
11852614,1758739302484,buy,4174.770000,4.949000
11852615,1758739302771,sell,4174.700000,14.351000
11852616,1758739303038,sell,4174.700000,0.572000
11852617,1758739303684,sell,4174.700000,7.186000
11852618,1758739303787,buy,4174.800000,0.014000
11852619,1758739304247,sell,4174.720000,5.775000
11852620,1758739304950,sell,4174.700000,0.896000
11852621,1758739304950,sell,4174.600000,10.145000
11852622,1758739305216,sell,4174.600000,0.300000
11852623,1758739305336,sell,4174.600000,7.645000
11852624,1758739305805,sell,4174.600000,0.011000
11852625,1758739307063,sell,4174.600000,7.458000
11852626,1758739307495,buy,4174.700000,0.175000
11852627,1758739307506,sell,4174.600000,0.016000
11852628,1758739307701,buy,4174.630000,5.952000
11852629,1758739308711,sell,4174.600000,7.186000
11852630,1758739308980,sell,4174.600000,0.572000
11852631,1758739309729,buy,4174.700000,0.022000
11852632,1758739309763,sell,4174.620000,7.850000
11852633,1758739309947,buy,4174.700000,26.669000
11852634,1758739310072,sell,4174.600000,0.012000
11852635,1758739310377,sell,4174.600000,7.186000
11852636,1758739310613,sell,4174.600000,0.300000
11852637,1758739310613,sell,4174.500000,1.336000
11852638,1758739311082,sell,4174.400000,0.272000
11852639,1758739311137,buy,4174.500000,5.983000
11852640,1758739311478,sell,4174.400000,0.013000
11852641,1758739311595,buy,4174.500000,0.223000
11852642,1758739312042,sell,4174.400000,7.186000
11852643,1758739312905,buy,4174.500000,3.604000
11852644,1758739313051,sell,4174.400000,0.009000
11852645,1758739313297,sell,4174.400000,0.272000
11852646,1758739313555,buy,4174.410000,7.198000
11852647,1758739313595,buy,4174.500000,4.019000
11852648,1758739313690,sell,4174.400000,1.223000
11852649,1758739313690,sell,4174.300000,5.963000
11852650,1758739313872,buy,4174.400000,16.920000
11852651,1758739313923,buy,4174.500000,14.597000
11852652,1758739314120,sell,4174.300000,0.119000
11852653,1758739314601,buy,4174.400000,0.016000
11852654,1758739315239,sell,4174.300000,0.272000
11852655,1758739315350,sell,4174.300000,7.186000
11852656,1758739316118,buy,4174.400000,0.013000
11852657,1758739316785,sell,4174.390000,6.322000
11852658,1758739317000,sell,4174.300000,7.186000
11852659,1758739317195,sell,4174.300000,0.272000
11852660,1758739317640,sell,4174.300000,0.020000
11852661,1758739318538,sell,4174.300000,0.223000
11852662,1758739318647,sell,4174.300000,7.186000
11852663,1758739318851,buy,4174.400000,13.826000
11852664,1758739319087,buy,4174.350000,3.122000
11852665,1758739319124,sell,4174.300000,0.329000
11852666,1758739320232,buy,4174.320000,7.610000
11852667,1758739320303,sell,4174.300000,7.186000
11852668,1758739320696,buy,4174.400000,0.012000
11852669,1758739321219,sell,4174.300000,0.272000
11852670,1758739321743,sell,4174.300000,0.119000
11852671,1758739322038,sell,4174.300000,7.186000
11852672,1758739322231,sell,4174.300000,0.003000
11852673,1758739322490,sell,4174.300000,0.089000
11852674,1758739323313,sell,4174.300000,0.272000
11852675,1758739323386,sell,4174.330000,1.504000
11852676,1758739323642,sell,4174.300000,8.575000
11852677,1758739323738,sell,4174.200000,1.068000
11852678,1758739323738,sell,4174.100000,0.088000
11852679,1758739323738,sell,4174.000000,0.334000
11852680,1758739323738,sell,4173.900000,0.035000
11852681,1758739323738,sell,4173.800000,5.670000
11852682,1758739323926,sell,4174.300000,0.020000
11852683,1758739324029,sell,4174.200000,10.000000
11852684,1758739324350,sell,4174.000000,12.279000
11852685,1758739324437,sell,4173.900000,0.005000
11852686,1758739324442,sell,4174.100000,19.679000
11852687,1758739324479,sell,4173.900000,7.174000
11852688,1758739324562,sell,4173.830000,9.047000
11852689,1758739324698,sell,4173.800000,0.100000
11852690,1758739324822,buy,4174.000000,0.005000
11852691,1758739325013,sell,4173.800000,12.722000
11852692,1758739325125,sell,4173.800000,0.020000
11852693,1758739325284,sell,4173.800000,0.272000
11852694,1758739325317,buy,4173.900000,0.006000
11852695,1758739325533,sell,4173.800000,0.288000
11852696,1758739325533,sell,4173.700000,6.898000
11852697,1758739325635,buy,4173.800000,0.050000
11852698,1758739326880,buy,4173.800000,0.022000
11852699,1758739327187,sell,4173.700000,7.186000
11852700,1758739327468,buy,4173.800000,0.563000
11852701,1758739327740,sell,4173.700000,13.851000
11852702,1758739328003,sell,4173.700000,6.001000
11852703,1758739328070,buy,4173.710000,9.299000
11852704,1758739328084,sell,4173.700000,0.010000
11852705,1758739328426,sell,4173.700000,0.019000
11852706,1758739328837,sell,4173.700000,7.186000
11852707,1758739329566,buy,4173.800000,0.635000
11852708,1758739329692,buy,4173.800000,0.272000
11852709,1758739329989,sell,4173.700000,0.009000
11852710,1758739330212,sell,4173.700000,18.839000
11852711,1758739330315,buy,4173.800000,5.779000
11852712,1758739330435,sell,4173.700000,9.525000
11852713,1758739330637,sell,4173.700000,4.786000
11852714,1758739330742,sell,4173.700000,0.010000
11852715,1758739331013,sell,4173.700000,0.023000
11852716,1758739331199,sell,4173.700000,4.879000
11852717,1758739331680,sell,4173.700000,3.329000
11852718,1758739331709,buy,4173.800000,0.272000
11852719,1758739331982,buy,4173.800000,0.053000
11852720,1758739332148,sell,4173.700000,7.186000
11852721,1758739332474,buy,4173.800000,0.072000
11852722,1758739332665,sell,4173.700000,0.432000
11852723,1758739333385,sell,4173.700000,0.209000
11852724,1758739333649,buy,4173.800000,0.071000
11852725,1758739333713,sell,4173.700000,1.411000
11852726,1758739333720,sell,4173.710000,6.255000
11852727,1758739333794,sell,4173.700000,7.186000
11852728,1758739334003,buy,4173.800000,0.286000
11852729,1758739334197,buy,4173.800000,0.100000
11852730,1758739335450,sell,4173.700000,7.186000
11852731,1758739335527,buy,4173.800000,0.384000
11852732,1758739335725,sell,4173.700000,0.010000
11852733,1758739336064,buy,4173.800000,0.272000
11852734,1758739336100,sell,4173.700000,5.151000
11852735,1758739336388,sell,4173.700000,2.948000
11852736,1758739336744,sell,4173.700000,17.644000
11852737,1758739336803,buy,4173.800000,1.133000
11852738,1758739336806,sell,4173.700000,4.038000
11852739,1758739336960,buy,4173.760000,3.896000
11852740,1758739336998,sell,4173.700000,26.417000
11852741,1758739337099,sell,4173.700000,28.148000
11852742,1758739337351,sell,4173.700000,5.542000
11852743,1758739337461,sell,4173.700000,15.884000
11852744,1758739337489,buy,4173.800000,0.107000
11852745,1758739337613,sell,4173.700000,0.031000
11852746,1758739337738,sell,4173.700000,8.427000
11852747,1758739338005,sell,4173.700000,4.549000
11852748,1758739338234,sell,4173.700000,0.074000
11852749,1758739338250,buy,4173.800000,0.272000
11852750,1758739338257,sell,4173.700000,7.057000
11852751,1758739338270,sell,4173.600000,0.034000
11852752,1758739338270,sell,4173.500000,0.952000
11852753,1758739338440,sell,4173.400000,0.256000
11852754,1758739338440,sell,4173.300000,0.044000
11852755,1758739338440,sell,4173.200000,0.084000
11852756,1758739338614,sell,4173.200000,2.229000
11852757,1758739338765,sell,4173.200000,9.686000
11852758,1758739339166,buy,4173.230000,4.824000
11852759,1758739339168,sell,4173.200000,0.020000
11852760,1758739339290,buy,4173.300000,0.023000
11852761,1758739339390,sell,4173.200000,0.002000
11852762,1758739339690,sell,4173.200000,0.002000
11852763,1758739340136,sell,4173.200000,0.023000
11852764,1758739340156,buy,4173.300000,9.717000
11852765,1758739340418,sell,4173.200000,7.186000
11852766,1758739340423,buy,4173.300000,0.004000
11852767,1758739340607,sell,4173.200000,0.800000
11852768,1758739340607,sell,4173.100000,0.202000
11852769,1758739340607,sell,4173.000000,3.191000
11852770,1758739340609,buy,4173.300000,2.372000
11852771,1758739340629,sell,4173.000000,2.276000
11852772,1758739340843,sell,4172.900000,0.013000
11852773,1758739340954,buy,4173.000000,0.349000
11852774,1758739341136,buy,4173.000000,4.098000
11852775,1758739341159,sell,4173.000000,0.214000
11852776,1758739341159,sell,4172.900000,3.080000
11852777,1758739342083,sell,4172.900000,0.700000
11852778,1758739342083,sell,4172.800000,3.208000
11852779,1758739342084,sell,4172.700000,0.024000
11852780,1758739342084,sell,4172.600000,1.335000
11852781,1758739342084,sell,4172.500000,0.215000
11852782,1758739342084,sell,4172.400000,0.707000
11852783,1758739342084,sell,4172.300000,0.997000
11852784,1758739342160,sell,4172.600000,21.891000
11852785,1758739342160,buy,4172.400000,0.415000
11852786,1758739342373,sell,4172.300000,0.010000
11852787,1758739342446,buy,4172.400000,0.050000
11852788,1758739342553,sell,4172.600000,1.954000
11852789,1758739343068,sell,4172.600000,0.349000
11852790,1758739343740,sell,4172.300000,7.305000
11852791,1758739343890,buy,4172.400000,0.004000
11852792,1758739343922,sell,4172.600000,1.635000
11852793,1758739344231,buy,4172.400000,0.272000
11852794,1758739344725,sell,4172.300000,0.010000
11852795,1758739345053,sell,4172.600000,0.203000
11852796,1758739345404,sell,4172.300000,0.946000
11852797,1758739345404,sell,4172.200000,0.485000
11852798,1758739345404,sell,4172.100000,0.558000
11852799,1758739345404,sell,4172.000000,5.197000
11852800,1758739345423,buy,4172.100000,0.022000
11852801,1758739345626,sell,4172.570000,5.200000
11852802,1758739345706,buy,4172.100000,0.037000
11852803,1758739345736,sell,4172.000000,1.000000
11852804,1758739345780,buy,4172.100000,0.380000
11852805,1758739345907,buy,4172.100000,0.300000
11852806,1758739345925,buy,4172.400000,1.232000
11852807,1758739346180,buy,4172.400000,34.709000
11852808,1758739346184,buy,4172.500000,2.100000
11852809,1758739346196,buy,4172.400000,10.169000
11852810,1758739346343,buy,4172.400000,4.786000
11852811,1758739346392,sell,4172.300000,25.000000
11852812,1758739346486,buy,4172.400000,0.300000
11852813,1758739346486,buy,4172.700000,7.198000
11852814,1758739346502,buy,4172.400000,0.900000
11852815,1758739346664,sell,4172.700000,0.300000
11852816,1758739346697,buy,4172.800000,0.128000
11852817,1758739346943,buy,4172.800000,5.983000
11852818,1758739346952,sell,4172.700000,0.011000
11852819,1758739347053,sell,4172.700000,7.186000
11852820,1758739347132,buy,4172.800000,156.270000
11852821,1758739348343,buy,4172.760000,13.116000
11852822,1758739348402,buy,4172.800000,0.272000
11852823,1758739348482,sell,4172.700000,0.015000
11852824,1758739348723,sell,4172.700000,7.186000
11852825,1758739349044,buy,4172.800000,0.353000
11852826,1758739349110,sell,4172.700000,0.183000
11852827,1758739349331,buy,4172.800000,25.000000
11852828,1758739350021,buy,4172.800000,0.023000
11852829,1758739350350,buy,4172.800000,0.272000
11852830,1758739350370,sell,4172.700000,7.186000
11852831,1758739350634,sell,4172.700000,0.020000
11852832,1758739351243,buy,4172.800000,2.270000
11852833,1758739351570,sell,4172.700000,0.009000
11852834,1758739351736,sell,4172.780000,11.313000
11852835,1758739352033,sell,4172.700000,7.186000
11852836,1758739352395,buy,4172.800000,0.272000
11852837,1758739352572,buy,4172.800000,35.055000
11852838,1758739352575,buy,4172.900000,0.037000
11852839,1758739352575,buy,4173.000000,0.156000
11852840,1758739352575,buy,4173.100000,0.241000
11852841,1758739352575,buy,4173.200000,0.063000
11852842,1758739352575,buy,4173.300000,2.253000
11852843,1758739352575,buy,4173.400000,0.015000
11852844,1758739352575,buy,4173.500000,0.004000
11852845,1758739352575,buy,4173.600000,0.250000
11852846,1758739352575,buy,4173.700000,3.191000
11852847,1758739352608,sell,4172.700000,0.353000
11852848,1758739352773,buy,4172.800000,0.600000
11852849,1758739352874,sell,4172.700000,0.300000
11852850,1758739352890,buy,4172.800000,0.300000
11852851,1758739352890,buy,4173.000000,3.064000
11852852,1758739353039,buy,4172.800000,0.300000
11852853,1758739353079,buy,4173.000000,0.239000
11852854,1758739353111,sell,4172.700000,0.014000
11852855,1758739353337,sell,4172.900000,1.103000
11852856,1758739353687,sell,4172.900000,7.186000
11852857,1758739354783,buy,4173.000000,0.284000
11852858,1758739355348,sell,4172.900000,7.186000
11852859,1758739355522,buy,4172.930000,5.674000
11852860,1758739355824,buy,4173.000000,9.112000
11852861,1758739356146,buy,4173.000000,0.350000
11852862,1758739356283,buy,4173.000000,1.085000
11852863,1758739356547,sell,4172.900000,0.099000
11852864,1758739356863,buy,4173.000000,0.282000
11852865,1758739356998,sell,4172.900000,7.186000
11852866,1758739357159,sell,4172.900000,5.983000
11852867,1758739357749,sell,4172.900000,0.142000
11852868,1758739357802,buy,4173.000000,0.500000
11852869,1758739358063,sell,4172.940000,8.601000
11852870,1758739358651,sell,4172.900000,7.558000
11852871,1758739359107,sell,4172.900000,0.272000
11852872,1758739359967,buy,4173.000000,0.133000
11852873,1758739360301,sell,4172.900000,7.186000
11852874,1758739360686,buy,4173.000000,1.664000
11852875,1758739361156,sell,4172.900000,0.391000
11852876,1758739361398,buy,4172.930000,10.648000
11852877,1758739361533,sell,4172.900000,0.023000
11852878,1758739361719,buy,4173.000000,2.253000
11852879,1758739361909,sell,4172.900000,8.582000
11852880,1758739362228,buy,4173.000000,0.019000
11852881,1758739362652,buy,4173.000000,0.142000
11852882,1758739362951,buy,4173.000000,0.990000
11852883,1758739363208,sell,4172.900000,0.272000
11852884,1758739363606,sell,4172.900000,7.186000
11852885,1758739363764,sell,4172.900000,0.030000
11852886,1758739364373,buy,4173.000000,50.972000
11852887,1758739365152,sell,4172.900000,0.272000
11852888,1758739365264,sell,4172.900000,7.186000
11852889,1758739365303,buy,4173.000000,0.030000
11852890,1758739365351,sell,4172.930000,9.134000
11852891,1758739365827,buy,4173.000000,38.342000
11852892,1758739366119,buy,4173.000000,0.412000
11852893,1758739366194,buy,4173.200000,0.240000
11852894,1758739366221,buy,4173.500000,0.240000
11852895,1758739366420,buy,4173.500000,1.860000
11852896,1758739366438,buy,4173.600000,5.983000
11852897,1758739366827,sell,4173.500000,7.199000
11852898,1758739367442,sell,4173.500000,0.436000
11852899,1758739367952,sell,4173.500000,18.591000
11852900,1758739368169,sell,4173.500000,5.983000
11852901,1758739368196,buy,4173.600000,0.013000
11852902,1758739368202,buy,4173.550000,13.523000
11852903,1758739368349,sell,4173.500000,0.017000
11852904,1758739368399,buy,4173.600000,0.020000
11852905,1758739368572,sell,4173.500000,7.186000
11852906,1758739369594,sell,4173.500000,0.272000
11852907,1758739369889,buy,4173.600000,0.012000
11852908,1758739370242,sell,4173.500000,7.186000
11852909,1758739370452,sell,4173.530000,13.516000
11852910,1758739370806,buy,4173.600000,0.048000
11852911,1758739371431,buy,4173.600000,0.017000
11852912,1758739371545,sell,4173.500000,0.272000
11852913,1758739371893,sell,4173.500000,7.186000
11852914,1758739372421,buy,4173.600000,0.020000
11852915,1758739372433,sell,4173.500000,0.010000
11852916,1758739372944,buy,4173.600000,11.970000
11852917,1758739372970,sell,4173.500000,0.029000
11852918,1758739373541,sell,4173.500000,7.458000
