id,unix_timestamp_ms,side,price,quantity
11634417,1758708787707,buy,4179.420000,4.404000
11634418,1758708788016,sell,4179.400000,0.012000
11634419,1758708788640,sell,4179.400000,0.119000
11634420,1758708788651,buy,4179.500000,2.381000
11634421,1758708789563,buy,4179.500000,0.002000
11634422,1758708789570,sell,4179.400000,0.011000
11634423,1758708789739,buy,4179.500000,0.246000
11634424,1758708789778,sell,4179.400000,0.270000
11634425,1758708790058,sell,4179.400000,0.002000
11634426,1758708790097,buy,4179.410000,9.767000
11634427,1758708790168,sell,4179.400000,0.166000
11634428,1758708791247,buy,4179.500000,0.029000
11634429,1758708791688,sell,4179.400000,0.286000
11634430,1758708791822,buy,4179.500000,0.012000
11634431,1758708792103,buy,4179.500000,0.002000
11634432,1758708792772,sell,4179.400000,0.012000
11634433,1758708793172,sell,4179.400000,0.166000
11634434,1758708793627,sell,4179.410000,5.210000
11634435,1758708793863,sell,4179.400000,0.270000
11634436,1758708794297,sell,4179.400000,0.017000
11634437,1758708795360,sell,4179.440000,4.545000
11634438,1758708795573,sell,4179.400000,2.178000
11634439,1758708795696,buy,4179.500000,2.446000
11634440,1758708795848,sell,4179.400000,0.104000
11634441,1758708795854,buy,4179.500000,0.027000
11634442,1758708795860,sell,4179.400000,0.270000
11634443,1758708796146,sell,4179.400000,0.166000
11634444,1758708797173,sell,4179.400000,0.079000
11634445,1758708797325,sell,4179.400000,0.102000
11634446,1758708797437,sell,4179.400000,0.743000
11634447,1758708797611,sell,4179.400000,0.302000
11634448,1758708797960,sell,4179.400000,0.270000
11634449,1758708798238,buy,4179.460000,5.069000
11634450,1758708798414,sell,4179.400000,2.298000
11634451,1758708798679,sell,4179.100000,0.866000
11634452,1758708798679,sell,4178.900000,0.051000
11634453,1758708798709,sell,4179.000000,0.854000
11634454,1758708798880,buy,4179.100000,0.013000
11634455,1758708799001,sell,4179.000000,0.007000
11634456,1758708799174,sell,4179.000000,0.166000
11634457,1758708799195,buy,4179.100000,2.371000
11634458,1758708800035,sell,4179.000000,0.270000
11634459,1758708800305,sell,4179.000000,0.300000
11634460,1758708800583,buy,4179.100000,0.003000
11634461,1758708801478,sell,4179.000000,0.073000
11634462,1758708802126,sell,4179.080000,7.276000
11634463,1758708802133,buy,4179.100000,0.016000
11634464,1758708802323,sell,4179.000000,0.436000
11634465,1758708802590,sell,4179.000000,0.300000
11634466,1758708803671,sell,4179.000000,0.471000
11634467,1758708803712,sell,4178.600000,0.055000
11634468,1758708803712,sell,4178.500000,0.005000
11634469,1758708804218,buy,4178.500000,0.144000
11634470,1758708804604,buy,4178.500000,0.129000
11634471,1758708804671,sell,4178.400000,0.270000
11634472,1758708804730,buy,4178.500000,7.916000
11634473,1758708804895,buy,4178.400000,3.564000
11634474,1758708805149,sell,4178.400000,0.166000
11634475,1758708805225,buy,4178.500000,0.005000
11634476,1758708805422,sell,4178.400000,0.300000
11634477,1758708806677,sell,4178.440000,8.632000
11634478,1758708806744,sell,4178.400000,0.270000
11634479,1758708806746,buy,4178.500000,0.011000
11634480,1758708806930,sell,4178.400000,3.206000
11634481,1758708807206,sell,4178.400000,0.315000
11634482,1758708807432,sell,4178.400000,0.119000
11634483,1758708807565,sell,4178.400000,0.003000
11634484,1758708807817,sell,4178.400000,2.337000
11634485,1758708808086,sell,4178.400000,0.466000
11634486,1758708808274,sell,4178.400000,0.006000
11634487,1758708808603,sell,4178.400000,0.760000
11634488,1758708808672,sell,4178.300000,0.037000
11634489,1758708808687,sell,4178.200000,0.002000
11634490,1758708808687,sell,4178.100000,0.268000
11634491,1758708808870,sell,4178.400000,0.300000
11634492,1758708808886,sell,4178.100000,0.091000
11634493,1758708808886,sell,4178.000000,0.451000
11634494,1758708808886,sell,4177.900000,0.028000
11634495,1758708808886,sell,4177.800000,2.044000
11634496,1758708809300,buy,4177.900000,0.012000
11634497,1758708809314,sell,4177.800000,2.393000
11634498,1758708809430,buy,4177.830000,6.741000
11634499,1758708809798,sell,4177.800000,0.019000
11634500,1758708810271,sell,4177.800000,0.002000
11634501,1758708810423,buy,4177.900000,0.005000
11634502,1758708810612,sell,4177.800000,0.270000
11634503,1758708810873,sell,4177.800000,0.005000
11634504,1758708811153,sell,4177.800000,0.166000
11634505,1758708811346,buy,4177.900000,0.014000
11634506,1758708811557,sell,4177.800000,0.053000
11634507,1758708811754,sell,4177.800000,2.394000
11634508,1758708812076,sell,4177.800000,1.491000
11634509,1758708812211,sell,4177.800000,3.590000
11634510,1758708812537,sell,4177.800000,0.270000
11634511,1758708812891,buy,4177.900000,0.012000
11634512,1758708812993,sell,4177.800000,0.050000
11634513,1758708813042,buy,4177.860000,5.093000
11634514,1758708813751,sell,4177.800000,8.516000
11634515,1758708814016,sell,4177.800000,0.790000
11634516,1758708814101,buy,4177.900000,0.002000
11634517,1758708814137,sell,4177.800000,4.683000
11634518,1758708814460,sell,4177.800000,0.004000
11634519,1758708814629,sell,4177.800000,0.270000
11634520,1758708814788,buy,4177.900000,7.480000
11634521,1758708815174,sell,4177.800000,1.397000
11634522,1758708815175,sell,4177.700000,22.532000
11634523,1758708815239,sell,4177.800000,0.300000
11634524,1758708815239,sell,4177.700000,0.878000
11634525,1758708815399,sell,4177.800000,0.240000
11634526,1758708815399,sell,4177.700000,0.537000
11634527,1758708815508,sell,4177.700000,0.300000
11634528,1758708815984,sell,4177.700000,0.022000
11634529,1758708816836,sell,4177.700000,0.270000
11634530,1758708817150,sell,4177.700000,0.166000
11634531,1758708817170,sell,4177.720000,3.967000
11634532,1758708817548,buy,4177.800000,0.027000
11634533,1758708818653,buy,4177.800000,0.009000
11634534,1758708819110,buy,4177.800000,0.270000
11634535,1758708819124,sell,4177.700000,0.011000
11634536,1758708819577,buy,4177.800000,0.002000
11634537,1758708819704,buy,4177.750000,4.734000
11634538,1758708820162,sell,4177.700000,0.166000
11634539,1758708820326,buy,4177.800000,0.252000
11634540,1758708820673,sell,4177.700000,0.016000
11634541,1758708821082,buy,4177.800000,0.270000
11634542,1758708821495,sell,4177.730000,12.654000
11634543,1758708822030,sell,4177.700000,0.261000
11634544,1758708822646,buy,4177.800000,0.013000
11634545,1758708822846,buy,4177.800000,0.050000
11634546,1758708823137,buy,4177.800000,0.270000
11634547,1758708823149,sell,4177.700000,0.166000
11634548,1758708823396,buy,4177.800000,2.828000
11634549,1758708823821,buy,4177.800000,0.123000
11634550,1758708824185,buy,4177.800000,0.007000
11634551,1758708824646,buy,4177.760000,13.298000
11634552,1758708824747,buy,4177.800000,4.559000
11634553,1758708825476,buy,4177.800000,0.270000
11634554,1758708825686,buy,4177.800000,0.067000
11634555,1758708825761,sell,4177.700000,0.008000
11634556,1758708826270,sell,4177.700000,2.879000
11634557,1758708827100,buy,4177.800000,0.183000
11634558,1758708827342,sell,4177.700000,0.012000
11634559,1758708827522,buy,4177.800000,0.270000
11634560,1758708827823,sell,4177.790000,13.905000
11634561,1758708827950,sell,4177.700000,0.002000
11634562,1758708828236,sell,4177.700000,0.246000
11634563,1758708828394,sell,4177.700000,0.070000
11634564,1758708828888,buy,4177.800000,0.004000
11634565,1758708829032,buy,4177.800000,23.935000
11634566,1758708829178,sell,4177.700000,0.166000
11634567,1758708829459,buy,4177.800000,0.270000
11634568,1758708829672,sell,4177.700000,0.119000
11634569,1758708830363,sell,4177.700000,0.120000
11634570,1758708830411,buy,4177.800000,0.005000
11634571,1758708831524,buy,4177.800000,0.270000
11634572,1758708831861,sell,4177.700000,0.248000
11634573,1758708832150,buy,4177.800000,0.040000
11634574,1758708832159,sell,4177.700000,0.166000
11634575,1758708832274,buy,4177.800000,0.002000
11634576,1758708833339,buy,4177.750000,3.701000
11634577,1758708833444,buy,4177.800000,0.525000
11634578,1758708833917,sell,4177.700000,0.050000
11634579,1758708834374,sell,4177.700000,31.174000
11634580,1758708834398,sell,4177.600000,0.041000
11634581,1758708834398,sell,4177.500000,1.006000
11634582,1758708834398,sell,4177.400000,2.154000
11634583,1758708834566,sell,4177.400000,2.686000
11634584,1758708834851,sell,4177.400000,0.023000
11634585,1758708834987,buy,4177.500000,0.006000
11634586,1758708835148,sell,4177.400000,0.166000
11634587,1758708835286,sell,4177.400000,0.184000
11634588,1758708835377,buy,4177.500000,0.270000
11634589,1758708835468,buy,4177.420000,4.426000
11634590,1758708835796,buy,4177.500000,0.002000
11634591,1758708836105,sell,4177.400000,0.020000
11634592,1758708836516,sell,4177.400000,0.016000
11634593,1758708836871,buy,4177.430000,2.740000
11634594,1758708836973,sell,4177.400000,0.002000
11634595,1758708837303,buy,4177.500000,0.270000
11634596,1758708837668,sell,4177.400000,0.853000
11634597,1758708837668,sell,4177.100000,0.060000
11634598,1758708837668,sell,4177.000000,0.044000
11634599,1758708837898,sell,4177.000000,0.101000
11634600,1758708838047,sell,4177.020000,5.733000
11634601,1758708838055,buy,4177.100000,0.022000
11634602,1758708838184,sell,4177.000000,0.166000
11634603,1758708838772,buy,4177.100000,18.612000
11634604,1758708838985,sell,4177.000000,18.307000
11634605,1758708839235,buy,4177.100000,0.270000
11634606,1758708839433,buy,4177.100000,0.050000
11634607,1758708839542,buy,4177.060000,9.928000
11634608,1758708839657,sell,4177.000000,0.014000
11634609,1758708839870,sell,4177.000000,23.935000
11634610,1758708840455,buy,4177.100000,0.002000
11634611,1758708840818,sell,4177.000000,0.020000
11634612,1758708840818,buy,4177.100000,0.006000
11634613,1758708840911,sell,4177.000000,0.004000
11634614,1758708841165,sell,4177.000000,0.174000
11634615,1758708841310,buy,4177.100000,0.270000
11634616,1758708841636,sell,4177.000000,0.020000
11634617,1758708842115,sell,4177.000000,3.553000
11634618,1758708842585,sell,4177.030000,6.645000
11634619,1758708842677,buy,4177.100000,0.167000
11634620,1758708842787,buy,4177.100000,0.010000
11634621,1758708843014,sell,4177.000000,2.393000
11634622,1758708843275,buy,4177.100000,0.270000
11634623,1758708844075,sell,4177.000000,0.001000
11634624,1758708844143,buy,4177.000000,5.659000
11634625,1758708844161,sell,4177.000000,0.166000
11634626,1758708844309,sell,4177.000000,0.006000
11634627,1758708844779,sell,4177.000000,0.173000
11634628,1758708845051,buy,4177.100000,0.732000
11634629,1758708845176,buy,4177.100000,2.367000
11634630,1758708845519,buy,4177.100000,0.272000
11634631,1758708845844,sell,4177.000000,0.123000
11634632,1758708846185,buy,4177.100000,1.198000
11634633,1758708846452,buy,4177.100000,0.157000
11634634,1758708846555,buy,4177.100000,2.392000
11634635,1758708846865,sell,4177.090000,8.211000
11634636,1758708846997,buy,4177.100000,3.089000
11634637,1758708847157,sell,4177.000000,0.166000
11634638,1758708847599,buy,4177.100000,0.283000
11634639,1758708847896,sell,4177.000000,0.723000
11634640,1758708848157,buy,4177.100000,0.030000
11634641,1758708848803,sell,4177.000000,0.681000
11634642,1758708849147,buy,4177.100000,0.017000
11634643,1758708849908,sell,4177.000000,0.413000
11634644,1758708850119,buy,4177.100000,0.004000
11634645,1758708850149,sell,4177.000000,23.073000
11634646,1758708850485,buy,4177.060000,10.163000
11634647,1758708850673,sell,4177.000000,0.012000
11634648,1758708851808,sell,4177.000000,0.433000
11634649,1758708851962,sell,4177.000000,0.050000
11634650,1758708852203,sell,4177.000000,0.018000
11634651,1758708852786,sell,4177.050000,20.418000
11634652,1758708853063,sell,4177.000000,0.002000
11634653,1758708853174,sell,4177.000000,0.166000
11634654,1758708853347,buy,4177.100000,0.263000
11634655,1758708853738,buy,4177.100000,0.011000
11634656,1758708853836,sell,4177.000000,0.020000
11634657,1758708854018,sell,4177.000000,0.282000
11634658,1758708854216,buy,4177.100000,1.435000
11634659,1758708854305,sell,4177.000000,2.393000
11634660,1758708854837,sell,4177.000000,0.177000
11634661,1758708855039,sell,4177.000000,0.249000
11634662,1758708855039,sell,4176.900000,16.738000
11634663,1758708855039,sell,4176.800000,2.088000
11634664,1758708855039,sell,4176.700000,0.839000
11634665,1758708855039,sell,4176.600000,0.002000
11634666,1758708855039,sell,4176.500000,20.084000
11634667,1758708855217,sell,4176.600000,0.020000
11634668,1758708855271,buy,4176.600000,0.003000
11634669,1758708856050,sell,4176.500000,0.270000
11634670,1758708856165,sell,4176.500000,0.166000
11634671,1758708856550,sell,4176.500000,0.086000
11634672,1758708856560,buy,4176.520000,11.758000
11634673,1758708856808,sell,4176.500000,0.010000
11634674,1758708857064,buy,4176.600000,0.012000
11634675,1758708857385,buy,4176.600000,0.002000
11634676,1758708857610,sell,4176.500000,0.040000
11634677,1758708857998,sell,4176.500000,0.270000
11634678,1758708858073,buy,4176.600000,0.266000
11634679,1758708858178,buy,4176.600000,0.050000
11634680,1758708858345,sell,4176.500000,0.004000
11634681,1758708858961,sell,4176.500000,0.119000
11634682,1758708859161,sell,4176.500000,0.166000
11634683,1758708859240,buy,4176.500000,2.899000
11634684,1758708859763,sell,4176.500000,0.142000
11634685,1758708859909,buy,4176.600000,0.008000
11634686,1758708860042,sell,4176.500000,0.270000
11634687,1758708860489,sell,4176.580000,8.431000
11634688,1758708861320,buy,4176.600000,23.940000
11634689,1758708861488,buy,4176.600000,0.017000
11634690,1758708861514,sell,4176.500000,0.124000
11634691,1758708861977,sell,4176.500000,0.270000
11634692,1758708862183,sell,4176.500000,0.166000
11634693,1758708863044,sell,4176.500000,0.025000
11634694,1758708863197,buy,4176.600000,0.112000
11634695,1758708864083,buy,4176.510000,7.847000
11634696,1758708864179,sell,4176.500000,0.270000
11634697,1758708864599,buy,4176.600000,0.027000
11634698,1758708864966,buy,4176.600000,0.103000
11634699,1758708865148,sell,4176.500000,0.166000
11634700,1758708865889,sell,4176.500000,0.002000
11634701,1758708866070,sell,4176.590000,19.329000
11634702,1758708866127,sell,4176.500000,0.011000
11634703,1758708866408,sell,4176.500000,0.270000
11634704,1758708866642,sell,4176.500000,3.155000
11634705,1758708866903,sell,4176.500000,0.239000
11634706,1758708867659,sell,4176.500000,1.126000
11634707,1758708868118,sell,4176.500000,1.136000
11634708,1758708868261,sell,4176.500000,0.050000
11634709,1758708868401,sell,4176.500000,0.133000
11634710,1758708868624,sell,4176.500000,0.270000
11634711,1758708869202,buy,4176.600000,0.011000
11634712,1758708869828,buy,4176.580000,5.753000
11634713,1758708869853,buy,4176.600000,0.034000
11634714,1758708869901,sell,4176.500000,22.758000
11634715,1758708870087,sell,4176.500000,23.940000
11634716,1758708870693,sell,4176.500000,0.270000
11634717,1758708870800,buy,4176.600000,0.002000
11634718,1758708871118,buy,4176.560000,3.784000
11634719,1758708871153,sell,4176.500000,0.166000
11634720,1758708871218,buy,4176.600000,0.012000
11634721,1758708871594,buy,4176.600000,0.082000
11634722,1758708872076,sell,4176.500000,0.012000
11634723,1758708872380,buy,4176.570000,18.542000
11634724,1758708872741,sell,4176.500000,0.018000
11634725,1758708872899,sell,4176.500000,0.270000
11634726,1758708873314,sell,4176.500000,0.116000
11634727,1758708873850,sell,4176.500000,0.020000
11634728,1758708874180,sell,4176.500000,0.171000
11634729,1758708874828,sell,4176.500000,5.422000
11634730,1758708874908,buy,4176.600000,0.050000
11634731,1758708875022,buy,4176.600000,0.076000
11634732,1758708875120,sell,4176.500000,0.270000
11634733,1758708875759,sell,4176.540000,5.648000
11634734,1758708875799,buy,4176.600000,0.006000
11634735,1758708876697,buy,4176.600000,0.215000
11634736,1758708877156,sell,4176.500000,0.166000
11634737,1758708877184,sell,4176.540000,19.103000
11634738,1758708877226,sell,4176.500000,0.270000
11634739,1758708877337,buy,4176.600000,0.023000
11634740,1758708877987,sell,4176.500000,0.002000
11634741,1758708878365,sell,4176.500000,0.291000
11634742,1758708878529,sell,4176.500000,2.335000
11634743,1758708878912,sell,4176.500000,0.003000
11634744,1758708879105,buy,4176.600000,11.971000
11634745,1758708879434,sell,4176.500000,0.270000
11634746,1758708879662,buy,4176.600000,3.000000
11634747,1758708879967,sell,4176.500000,0.950000
11634748,1758708880051,buy,4176.600000,0.009000
11634749,1758708880152,sell,4176.500000,0.166000
11634750,1758708880438,sell,4176.500000,0.026000
11634751,1758708880594,buy,4176.510000,6.654000
11634752,1758708881646,sell,4176.500000,0.119000
11634753,1758708881707,buy,4176.600000,0.449000
11634754,1758708881992,buy,4176.600000,0.023000
11634755,1758708882727,buy,4176.600000,0.002000
11634756,1758708882848,buy,4176.500000,13.230000
11634757,1758708883150,sell,4176.500000,0.166000
11634758,1758708883441,sell,4176.500000,0.004000
11634759,1758708883568,sell,4176.500000,0.016000
11634760,1758708883736,buy,4176.600000,0.144000
11634761,1758708883906,buy,4176.600000,0.270000
11634762,1758708884509,buy,4176.600000,3.116000
11634763,1758708885145,sell,4176.500000,0.191000
11634764,1758708885171,buy,4176.600000,5.886000
11634765,1758708885825,buy,4176.600000,0.270000
11634766,1758708886360,sell,4176.500000,0.166000
11634767,1758708886438,sell,4176.570000,2.463000
11634768,1758708886531,sell,4176.500000,1.000000
11634769,1758708886620,buy,4176.600000,0.221000
11634770,1758708886747,buy,4176.600000,0.025000
11634771,1758708887222,sell,4176.500000,2.367000
11634772,1758708887986,sell,4176.500000,0.020000
11634773,1758708888001,sell,4176.550000,7.591000
11634774,1758708888024,sell,4176.500000,0.141000
11634775,1758708888106,buy,4176.600000,0.270000
11634776,1758708888271,sell,4176.500000,0.020000
11634777,1758708888622,sell,4176.500000,0.020000
11634778,1758708888961,sell,4176.500000,0.052000
11634779,1758708889161,buy,4176.600000,3.000000
11634780,1758708889164,sell,4176.500000,0.166000
11634781,1758708889479,buy,4176.600000,0.012000
11634782,1758708889817,sell,4176.500000,0.105000
11634783,1758708890017,sell,4176.500000,0.020000
11634784,1758708890166,buy,4176.600000,0.270000
11634785,1758708890538,sell,4176.500000,1.593000
11634786,1758708890887,sell,4176.500000,0.244000
11634787,1758708891413,buy,4176.600000,0.234000
11634788,1758708891582,buy,4176.600000,0.040000
11634789,1758708891766,buy,4176.550000,8.992000
11634790,1758708892105,buy,4176.600000,0.270000
11634791,1758708892164,sell,4176.500000,0.166000
11634792,1758708892939,buy,4176.600000,0.005000
11634793,1758708893142,buy,4176.600000,0.049000
11634794,1758708893592,buy,4176.600000,0.002000
11634795,1758708894035,buy,4176.600000,0.270000
11634796,1758708894445,sell,4176.500000,5.874000
11634797,1758708894599,sell,4176.500000,0.269000
11634798,1758708894643,buy,4176.600000,21.279000
11634799,1758708894763,buy,4176.600000,2.634000
11634800,1758708895157,sell,4176.500000,0.166000
11634801,1758708895183,buy,4176.600000,0.050000
11634802,1758708895207,sell,4176.500000,2.631000
11634803,1758708895989,buy,4176.600000,0.016000
11634804,1758708896102,buy,4176.600000,0.270000
11634805,1758708896156,sell,4176.500000,0.047000
11634806,1758708896296,buy,4176.600000,0.020000
11634807,1758708896544,buy,4176.600000,4.164000
11634808,1758708897054,buy,4176.570000,2.939000
11634809,1758708897073,sell,4176.500000,0.322000
11634810,1758708897531,buy,4176.600000,0.012000
11634811,1758708898015,buy,4176.600000,0.377000
11634812,1758708898150,sell,4176.500000,0.166000
11634813,1758708898317,sell,4176.550000,4.712000
11634814,1758708899496,sell,4176.500000,0.049000
11634815,1758708899968,buy,4176.600000,0.270000
11634816,1758708900061,sell,4176.500000,0.017000
11634817,1758708900394,sell,4176.500000,0.200000
11634818,1758708900400,buy,4176.600000,0.400000
11634819,1758708900470,sell,4176.500000,0.300000
11634820,1758708900502,buy,4176.600000,0.200000
11634821,1758708900503,sell,4176.500000,0.100000
11634822,1758708900620,buy,4176.600000,0.200000
11634823,1758708900620,sell,4176.500000,0.300000
11634824,1758708900640,buy,4176.600000,0.100000
11634825,1758708900830,buy,4176.520000,6.578000
11634826,1758708901182,sell,4176.500000,0.216000
11634827,1758708901199,buy,4176.600000,0.100000
11634828,1758708901201,sell,4176.500000,0.100000
11634829,1758708901298,buy,4176.600000,0.100000
11634830,1758708901301,sell,4176.500000,0.050000
11634831,1758708901306,buy,4176.600000,0.100000
11634832,1758708901306,sell,4176.500000,0.100000
11634833,1758708901417,sell,4176.500000,0.231000
11634834,1758708901630,sell,4176.500000,0.061000
11634835,1758708901943,sell,4176.500000,0.002000
11634836,1758708902268,buy,4176.600000,0.270000
11634837,1758708902874,sell,4176.500000,4.549000
11634838,1758708903155,buy,4176.600000,0.206000
11634839,1758708903786,sell,4176.530000,5.179000
11634840,1758708903901,sell,4176.500000,9.573000
11634841,1758708904184,sell,4176.500000,0.166000
11634842,1758708904523,buy,4176.600000,0.352000
11634843,1758708904733,buy,4176.600000,0.004000
11634844,1758708905263,buy,4176.600000,3.936000
11634845,1758708906298,sell,4176.500000,0.166000
11634846,1758708906579,buy,4176.570000,2.495000
11634847,1758708906734,buy,4176.600000,0.270000
11634848,1758708907147,sell,4176.500000,0.166000
11634849,1758708907613,buy,4176.600000,0.002000
11634850,1758708907836,buy,4176.600000,0.007000
11634851,1758708908110,buy,4176.600000,0.050000
11634852,1758708908111,buy,4176.520000,5.872000
11634853,1758708908693,buy,4176.600000,11.971000
11634854,1758708908843,sell,4176.500000,0.126000
11634855,1758708908957,buy,4176.600000,0.270000
11634856,1758708908973,sell,4176.500000,0.308000
11634857,1758708908982,buy,4176.600000,2.000000
11634858,1758708909022,sell,4176.500000,0.008000
11634859,1758708909419,buy,4176.600000,0.010000
11634860,1758708910150,sell,4176.500000,0.166000
11634861,1758708910678,sell,4176.530000,6.302000
11634862,1758708910965,buy,4176.600000,0.119000
11634863,1758708910998,sell,4176.500000,0.015000
11634864,1758708911070,buy,4176.600000,0.270000
11634865,1758708911617,buy,4176.600000,0.002000
11634866,1758708912278,sell,4176.500000,0.002000
11634867,1758708912539,buy,4176.600000,0.023000
11634868,1758708912633,sell,4176.500000,0.062000
11634869,1758708912672,buy,4176.600000,0.004000
11634870,1758708913036,sell,4176.500000,3.116000
11634871,1758708913149,sell,4176.500000,0.166000
11634872,1758708913170,buy,4176.600000,9.820000
11634873,1758708913338,sell,4176.500000,0.270000
11634874,1758708913856,buy,4176.590000,2.742000
11634875,1758708914083,buy,4176.600000,0.005000
11634876,1758708914395,sell,4176.500000,0.057000
11634877,1758708914837,sell,4176.500000,2.901000
11634878,1758708915033,sell,4176.500000,0.002000
11634879,1758708915417,sell,4176.500000,0.270000
11634880,1758708915608,sell,4176.500000,0.028000
11634881,1758708915848,buy,4176.600000,0.163000
11634882,1758708916157,sell,4176.500000,0.166000
11634883,1758708916375,sell,4176.560000,5.139000
11634884,1758708916855,buy,4176.600000,0.715000
11634885,1758708917137,buy,4176.600000,0.013000
11634886,1758708917360,sell,4176.500000,0.270000
11634887,1758708918382,buy,4176.600000,0.061000
11634888,1758708919082,buy,4176.600000,0.006000
11634889,1758708919093,buy,4176.550000,4.334000
11634890,1758708919151,sell,4176.500000,0.166000
11634891,1758708919616,sell,4176.500000,0.270000
11634892,1758708919820,buy,4176.600000,0.002000
11634893,1758708920290,sell,4176.500000,0.100000
11634894,1758708920636,sell,4176.500000,3.955000
11634895,1758708920745,buy,4176.600000,11.971000
11634896,1758708921482,sell,4176.500000,0.320000
11634897,1758708922059,sell,4176.500000,0.124000
11634898,1758708922163,sell,4176.500000,0.166000
11634899,1758708922217,buy,4176.600000,0.014000
11634900,1758708922418,sell,4176.500000,6.785000
11634901,1758708923518,sell,4176.500000,0.270000
11634902,1758708923750,buy,4176.600000,0.016000
11634903,1758708923856,buy,4176.600000,0.057000
11634904,1758708924971,sell,4176.500000,5.099000
11634905,1758708924982,buy,4176.600000,5.099000
11634906,1758708925147,sell,4176.500000,0.166000
11634907,1758708925303,sell,4176.500000,0.030000
11634908,1758708925320,buy,4176.550000,3.669000
11634909,1758708925370,buy,4176.600000,0.161000
11634910,1758708925597,sell,4176.500000,0.270000
11634911,1758708926666,buy,4176.600000,0.050000
11634912,1758708926951,buy,4176.600000,0.022000
11634913,1758708927328,sell,4176.500000,0.130000
11634914,1758708927701,sell,4176.500000,0.270000
11634915,1758708927891,buy,4176.510000,2.385000
11634916,1758708928157,sell,4176.500000,0.166000
11634917,1758708928539,sell,4176.500000,0.006000
11634918,1758708929333,sell,4176.500000,0.076000
11634919,1758708929628,buy,4176.600000,1.153000
11634920,1758708930093,sell,4176.500000,0.016000
11634921,1758708930114,sell,4176.580000,3.139000
11634922,1758708930197,sell,4176.500000,0.270000
11634923,1758708931028,sell,4176.500000,0.600000
11634924,1758708931137,buy,4176.600000,0.202000
11634925,1758708931149,sell,4176.500000,0.166000
11634926,1758708931614,buy,4176.600000,0.009000
11634927,1758708932037,sell,4176.500000,0.272000
11634928,1758708932261,buy,4176.560000,2.522000
11634929,1758708932654,sell,4176.500000,0.124000
11634930,1758708933152,buy,4176.600000,0.015000
11634931,1758708934152,sell,4176.500000,0.514000
11634932,1758708934683,sell,4176.500000,0.024000
11634933,1758708935473,buy,4176.580000,3.013000
11634934,1758708935707,buy,4176.600000,3.882000
11634935,1758708935873,buy,4176.600000,0.970000
11634936,1758708936212,buy,4176.600000,0.019000
11634937,1758708936279,sell,4176.500000,0.270000
11634938,1758708936429,buy,4176.600000,0.002000
11634939,1758708937164,sell,4176.500000,0.166000
11634940,1758708937600,sell,4176.520000,5.353000
11634941,1758708937760,buy,4176.600000,0.011000
11634942,1758708938355,sell,4176.500000,0.270000
11634943,1758708938913,buy,4176.600000,1.009000
11634944,1758708939289,sell,4176.500000,0.073000
11634945,1758708940173,sell,4176.500000,0.166000
11634946,1758708940547,sell,4176.500000,0.270000
11634947,1758708940842,sell,4176.500000,0.007000
11634948,1758708941424,buy,4176.520000,1.537000
11634949,1758708942372,buy,4176.600000,0.026000
11634950,1758708942481,sell,4176.500000,0.270000
11634951,1758708943196,sell,4176.500000,0.166000
11634952,1758708943363,buy,4176.570000,5.831000
11634953,1758708943926,sell,4176.500000,3.902000
11634954,1758708944618,buy,4176.600000,0.470000
11634955,1758708945047,buy,4176.600000,0.050000
11634956,1758708945285,buy,4176.600000,0.119000
11634957,1758708945496,sell,4176.500000,0.006000
11634958,1758708946144,sell,4176.500000,0.166000
11634959,1758708946553,buy,4176.600000,0.270000
11634960,1758708946910,sell,4176.540000,3.744000
11634961,1758708947293,buy,4176.600000,0.014000
11634962,1758708948357,sell,4176.500000,0.115000
11634963,1758708948609,buy,4176.600000,0.270000
11634964,1758708948852,buy,4176.600000,0.013000
11634965,1758708949181,sell,4176.500000,0.166000
11634966,1758708949190,buy,4176.600000,0.162000
11634967,1758708949948,sell,4176.500000,0.023000
11634968,1758708950109,sell,4176.590000,4.252000
11634969,1758708950394,sell,4176.500000,0.020000
11634970,1758708950551,sell,4176.500000,0.069000
11634971,1758708950944,buy,4176.600000,0.270000
11634972,1758708951515,sell,4176.500000,0.200000
11634973,1758708951940,sell,4176.500000,0.007000
11634974,1758708952160,sell,4176.500000,0.166000
11634975,1758708952397,buy,4176.580000,1.166000
11634976,1758708952701,buy,4176.600000,14.600000
11634977,1758708952882,buy,4176.600000,0.270000
11634978,1758708953461,buy,4176.600000,0.024000
11634979,1758708953962,sell,4176.500000,0.115000
11634980,1758708954016,buy,4176.600000,0.239000
11634981,1758708954272,buy,4176.540000,2.523000
11634982,1758708954576,sell,4176.500000,0.230000
11634983,1758708954990,sell,4176.500000,14.610000
11634984,1758708955089,buy,4176.600000,0.270000
11634985,1758708955149,sell,4176.500000,0.166000
11634986,1758708956108,buy,4176.600000,7.179000
11634987,1758708956519,sell,4176.500000,0.014000
11634988,1758708957119,buy,4176.600000,0.282000
11634989,1758708957450,sell,4176.590000,4.490000
11634990,1758708958059,buy,4176.600000,0.012000
11634991,1758708958163,sell,4176.500000,0.166000
11634992,1758708958821,sell,4176.500000,0.050000
11634993,1758708959078,buy,4176.600000,0.270000
11634994,1758708959616,sell,4176.500000,0.003000
11634995,1758708960685,buy,4176.600000,0.907000
11634996,1758708961012,buy,4176.600000,0.270000
11634997,1758708961174,sell,4176.500000,0.166000
11634998,1758708961392,sell,4176.500000,0.009000
11634999,1758708961401,buy,4176.500000,3.243000
11635000,1758708961756,sell,4176.500000,0.244000
11635001,1758708962939,buy,4176.600000,0.003000
11635002,1758708963264,buy,4176.600000,0.270000
11635003,1758708963782,buy,4176.570000,3.422000
11635004,1758708964161,sell,4176.500000,0.166000
11635005,1758708964171,buy,4176.600000,0.050000
11635006,1758708964498,sell,4176.500000,0.022000
11635007,1758708964516,buy,4176.600000,0.023000
11635008,1758708964581,sell,4176.500000,0.002000
11635009,1758708965353,buy,4176.600000,0.270000
11635010,1758708965768,sell,4176.580000,1.977000
11635011,1758708966069,sell,4176.500000,0.009000
11635012,1758708967169,sell,4176.560000,5.523000
11635013,1758708967183,sell,4176.500000,0.166000
11635014,1758708967426,buy,4176.600000,0.272000
11635015,1758708967636,sell,4176.500000,0.017000
11635016,1758708968286,sell,4176.500000,0.732000
11635017,1758708968442,buy,4176.600000,0.164000
11635018,1758708969523,buy,4176.600000,0.289000
11635019,1758708969753,sell,4176.500000,0.696000
11635020,1758708970174,sell,4176.500000,0.166000
11635021,1758708970401,buy,4176.510000,3.923000
11635022,1758708971217,buy,4176.600000,0.723000
11635023,1758708971275,sell,4176.500000,0.012000
11635024,1758708971462,buy,4176.600000,0.003000
11635025,1758708971932,sell,4176.500000,0.002000
11635026,1758708972163,buy,4176.600000,0.270000
11635027,1758708972633,sell,4176.500000,0.003000
11635028,1758708972831,buy,4176.600000,0.681000
11635029,1758708972859,sell,4176.500000,0.007000
11635030,1758708972924,buy,4176.570000,3.594000
11635031,1758708973173,sell,4176.500000,0.166000
11635032,1758708973441,sell,4176.500000,0.012000
11635033,1758708974186,buy,4176.600000,1.436000
11635034,1758708974383,buy,4176.600000,0.015000
11635035,1758708974539,buy,4176.600000,0.270000
11635036,1758708975012,buy,4176.600000,2.879000
11635037,1758708975313,buy,4176.600000,0.841000
11635038,1758708975628,sell,4176.510000,17.677000
11635039,1758708975916,buy,4176.600000,0.012000
11635040,1758708975962,sell,4176.500000,20.390000
11635041,1758708976159,sell,4176.500000,0.166000
11635042,1758708976458,buy,4176.600000,0.022000
11635043,1758708976833,sell,4176.500000,0.270000
11635044,1758708976928,buy,4176.600000,25.281000
11635045,1758708977143,buy,4176.600000,11.499000
11635046,1758708977328,sell,4176.500000,7.480000
11635047,1758708977347,buy,4176.600000,7.710000
11635048,1758708977459,sell,4176.500000,0.027000
11635049,1758708977484,buy,4176.600000,0.331000
11635050,1758708977861,buy,4176.600000,1.411000
11635051,1758708977861,buy,4176.700000,2.936000
11635052,1758708978121,buy,4176.700000,0.380000
11635053,1758708978462,buy,4176.700000,0.002000
11635054,1758708979001,buy,4176.700000,0.015000
11635055,1758708979057,sell,4176.600000,0.436000
11635056,1758708979241,buy,4176.700000,0.040000
11635057,1758708979437,buy,4176.640000,19.990000
11635058,1758708979576,buy,4176.700000,0.020000
11635059,1758708979789,buy,4176.700000,0.023000
11635060,1758708980014,sell,4176.600000,1.500000
11635061,1758708980589,buy,4176.700000,2.677000
11635062,1758708980730,buy,4176.700000,1.261000
11635063,1758708981007,sell,4176.600000,0.274000
11635064,1758708981866,buy,4176.700000,0.050000
11635065,1758708982122,sell,4176.600000,0.188000
11635066,1758708982311,buy,4176.700000,0.020000
11635067,1758708982547,sell,4176.670000,14.973000
11635068,1758708982934,sell,4176.600000,0.270000
11635069,1758708983466,buy,4176.700000,0.702000
11635070,1758708983687,buy,4176.700000,0.008000
11635071,1758708984913,buy,4176.700000,0.674000
11635072,1758708985023,sell,4176.600000,0.270000
11635073,1758708985147,sell,4176.600000,0.166000
11635074,1758708985257,buy,4176.700000,3.839000
11635075,1758708985490,sell,4176.600000,0.002000
11635076,1758708985680,buy,4176.640000,17.217000
11635077,1758708986370,sell,4176.600000,0.674000
11635078,1758708986804,sell,4176.600000,0.011000
11635079,1758708987103,sell,4176.600000,0.270000
11635080,1758708987803,sell,4176.600000,0.605000
11635081,1758708988147,sell,4176.600000,0.166000
11635082,1758708988362,sell,4176.600000,0.003000
11635083,1758708989307,sell,4176.620000,13.829000
11635084,1758708989308,sell,4176.600000,12.543000
11635085,1758708989896,buy,4176.700000,0.020000
11635086,1758708990850,buy,4176.700000,12.130000
11635087,1758708991147,sell,4176.600000,0.166000
11635088,1758708991341,sell,4176.600000,0.270000
11635089,1758708991497,buy,4176.700000,0.006000
11635090,1758708991604,buy,4176.630000,9.694000
11635091,1758708993008,buy,4176.700000,0.004000
11635092,1758708993059,sell,4176.600000,0.019000
11635093,1758708993549,sell,4176.600000,0.270000
11635094,1758708994210,sell,4176.600000,0.166000
11635095,1758708994341,sell,4176.610000,7.972000
11635096,1758708994535,sell,4176.600000,0.050000
11635097,1758708994707,sell,4176.600000,0.005000
11635098,1758708994832,buy,4176.700000,5.000000
11635099,1758708995766,sell,4176.600000,0.270000
11635100,1758708996227,buy,4176.700000,0.012000
11635101,1758708996646,sell,4176.600000,0.567000
11635102,1758708997152,sell,4176.600000,0.166000
11635103,1758708997594,buy,4176.640000,19.883000
11635104,1758708997755,buy,4176.700000,0.017000
11635105,1758708997869,sell,4176.600000,0.270000
11635106,1758708998197,sell,4176.600000,0.002000
11635107,1758708998715,sell,4176.600000,0.005000
11635108,1758708999283,sell,4176.600000,0.016000
11635109,1758708999735,buy,4176.700000,0.050000
11635110,1758709000086,sell,4176.600000,0.436000
11635111,1758709000291,buy,4176.700000,0.005000
11635112,1758709000805,sell,4176.600000,0.017000
11635113,1758709001464,sell,4176.660000,10.664000
11635114,1758709002185,sell,4176.600000,0.270000
11635115,1758709002331,buy,4176.700000,0.021000
11635116,1758709003172,sell,4176.600000,0.166000
11635117,1758709003840,buy,4176.700000,0.015000
11635118,1758709003975,buy,4176.700000,1.073000
11635119,1758709004129,sell,4176.600000,0.270000
11635120,1758709004423,sell,4176.600000,0.004000
11635121,1758709005001,sell,4176.690000,6.114000
11635122,1758709005409,sell,4176.600000,0.646000
11635123,1758709005815,buy,4176.700000,0.239000
11635124,1758709006148,sell,4176.600000,0.166000
11635125,1758709006330,sell,4176.600000,0.270000
11635126,1758709006439,sell,4176.600000,0.252000
11635127,1758709006579,buy,4176.610000,13.589000
11635128,1758709006988,sell,4176.600000,0.011000
11635129,1758709007223,sell,4176.600000,5.000000
11635130,1758709007371,buy,4176.700000,0.119000
11635131,1758709007895,buy,4176.700000,7.186000
11635132,1758709008415,buy,4176.700000,0.003000
11635133,1758709008476,sell,4176.600000,7.461000
11635134,1758709008595,buy,4176.700000,27.803000
11635135,1758709008721,sell,4176.690000,10.264000
11635136,1758709008777,buy,4176.700000,0.023000
11635137,1758709009150,sell,4176.600000,0.166000
11635138,1758709009747,sell,4176.600000,0.020000
11635139,1758709010087,sell,4176.600000,0.003000
11635140,1758709010320,buy,4176.700000,0.004000
11635141,1758709010513,buy,4176.700000,0.274000
11635142,1758709010529,sell,4176.690000,18.303000
11635143,1758709010654,sell,4176.600000,6.818000
11635144,1758709010930,sell,4176.600000,0.596000
11635145,1758709011146,buy,4176.700000,0.885000
11635146,1758709011802,sell,4176.600000,0.736000
11635147,1758709012058,sell,4176.600000,20.351000
11635148,1758709012073,buy,4176.700000,2.394000
11635149,1758709012166,sell,4176.600000,0.166000
11635150,1758709012469,buy,4176.700000,0.270000
11635151,1758709012536,sell,4176.600000,0.050000
11635152,1758709013433,buy,4176.700000,0.069000
11635153,1758709013659,buy,4176.700000,0.003000
11635154,1758709014031,buy,4176.620000,14.924000
11635155,1758709014183,sell,4176.600000,0.003000
11635156,1758709014944,buy,4176.700000,0.282000
11635157,1758709015023,sell,4176.600000,0.002000
11635158,1758709015157,sell,4176.600000,0.166000
11635159,1758709015440,sell,4176.600000,3.833000
11635160,1758709016398,buy,4176.680000,15.241000
11635161,1758709016490,sell,4176.600000,0.021000
11635162,1758709017026,buy,4176.700000,5.270000
11635163,1758709017585,sell,4176.600000,2.412000
11635164,1758709017807,buy,4176.700000,0.050000
11635165,1758709018152,sell,4176.600000,0.166000
11635166,1758709018527,sell,4176.600000,0.012000
11635167,1758709019256,buy,4176.700000,0.270000
11635168,1758709019554,sell,4176.660000,13.771000
11635169,1758709019832,buy,4176.700000,0.002000
11635170,1758709020048,buy,4176.700000,0.025000
11635171,1758709021151,sell,4176.600000,0.166000
11635172,1758709021199,buy,4176.700000,0.270000
11635173,1758709021343,sell,4176.600000,19.154000
11635174,1758709021527,buy,4176.700000,6.015000
11635175,1758709021538,sell,4176.600000,5.000000
11635176,1758709021578,buy,4176.700000,0.004000
11635177,1758709021914,buy,4176.620000,10.512000
11635178,1758709023005,buy,4176.700000,3.728000
11635179,1758709023123,sell,4176.600000,0.020000
11635180,1758709023302,buy,4176.700000,0.270000
11635181,1758709024106,sell,4176.640000,11.999000
11635182,1758709024172,sell,4176.600000,0.166000
11635183,1758709024654,sell,4176.600000,0.009000
11635184,1758709025281,buy,4176.700000,0.270000
11635185,1758709025977,buy,4176.700000,0.004000
11635186,1758709026192,buy,4176.700000,0.008000
11635187,1758709027099,sell,4176.600000,0.002000
11635188,1758709027149,buy,4176.660000,8.623000
11635189,1758709027160,sell,4176.600000,0.166000
11635190,1758709027233,buy,4176.700000,0.270000
11635191,1758709027739,buy,4176.700000,0.021000
11635192,1758709027875,sell,4176.600000,0.050000
11635193,1758709028135,buy,4176.700000,13.380000
11635194,1758709028483,sell,4176.600000,0.184000
11635195,1758709029189,buy,4176.700000,0.270000
11635196,1758709029281,sell,4176.600000,0.014000
11635197,1758709029538,sell,4176.600000,10.049000
11635198,1758709029538,sell,4176.500000,3.134000
11635199,1758709029920,sell,4176.620000,13.645000
11635200,1758709030149,sell,4176.600000,0.166000
11635201,1758709030910,sell,4176.600000,0.015000
11635202,1758709031445,sell,4176.600000,0.890000
11635203,1758709031445,sell,4176.500000,6.296000
11635204,1758709031449,buy,4176.700000,7.461000
11635205,1758709031551,buy,4176.600000,0.002000
11635206,1758709031717,buy,4176.600000,0.270000
11635207,1758709032366,buy,4176.510000,16.216000
11635208,1758709032556,buy,4176.600000,0.013000
11635209,1758709032836,buy,4176.600000,0.050000
11635210,1758709032993,sell,4176.500000,0.004000
11635211,1758709033081,buy,4176.600000,0.356000
11635212,1758709033172,sell,4176.500000,0.865000
11635213,1758709033360,buy,4176.600000,0.159000
11635214,1758709033457,sell,4176.500000,2.000000
11635215,1758709033672,buy,4176.600000,0.270000
11635216,1758709033986,sell,4176.500000,59.619000
11635217,1758709034134,buy,4176.600000,0.016000
11635218,1758709035191,sell,4176.530000,1.705000
11635219,1758709035422,buy,4176.600000,0.080000
11635220,1758709035700,sell,4176.500000,0.029000
11635221,1758709035716,buy,4176.600000,5.042000
11635222,1758709035933,buy,4176.600000,0.270000
11635223,1758709036157,sell,4176.500000,0.166000
11635224,1758709036607,sell,4176.530000,3.296000
11635225,1758709037239,buy,4176.600000,0.026000
11635226,1758709037521,buy,4176.600000,11.669000
11635227,1758709037723,buy,4176.600000,1.500000
11635228,1758709038014,buy,4176.600000,0.270000
11635229,1758709038434,buy,4176.600000,0.699000
11635230,1758709038647,sell,4176.580000,2.123000
11635231,1758709038818,sell,4176.500000,5.014000
11635232,1758709039187,sell,4176.500000,0.166000
11635233,1758709040307,sell,4176.500000,0.282000
11635234,1758709040829,sell,4176.550000,5.432000
11635235,1758709041925,buy,4176.600000,0.006000
11635236,1758709042139,sell,4176.500000,0.168000
11635237,1758709042252,sell,4176.500000,0.270000
11635238,1758709042405,sell,4176.500000,0.050000
11635239,1758709042808,sell,4176.500000,1.153000
11635240,1758709042947,buy,4176.600000,5.000000
11635241,1758709043053,buy,4176.600000,27.535000
11635242,1758709043375,buy,4176.590000,3.151000
11635243,1758709043450,sell,4176.500000,0.003000
11635244,1758709044134,buy,4176.600000,0.696000
11635245,1758709044206,sell,4176.500000,0.270000
11635246,1758709044981,sell,4176.500000,0.003000
11635247,1758709045036,sell,4176.570000,4.013000
11635248,1758709045147,sell,4176.500000,0.166000
11635249,1758709045643,sell,4176.500000,5.000000
11635250,1758709046273,sell,4176.500000,0.270000
11635251,1758709046415,buy,4176.600000,0.002000
11635252,1758709046537,buy,4176.600000,0.009000
11635253,1758709046696,buy,4176.600000,0.247000
11635254,1758709047965,buy,4176.570000,2.952000
11635255,1758709048070,buy,4176.600000,0.006000
11635256,1758709048244,sell,4176.500000,0.436000
11635257,1758709048637,buy,4176.600000,0.050000
11635258,1758709049415,buy,4176.600000,0.004000
11635259,1758709049623,sell,4176.500000,0.015000
11635260,1758709050207,sell,4176.500000,0.270000
11635261,1758709050516,buy,4176.600000,0.119000
11635262,1758709051105,buy,4176.550000,4.451000
11635263,1758709051179,buy,4176.600000,0.009000
11635264,1758709051461,sell,4176.500000,0.189000
11635265,1758709051954,buy,4176.600000,5.000000
11635266,1758709052288,sell,4176.500000,0.270000
11635267,1758709052517,buy,4176.600000,3.865000
11635268,1758709052742,buy,4176.600000,0.014000
11635269,1758709053113,buy,4176.600000,0.100000
11635270,1758709053164,sell,4176.500000,0.002000
11635271,1758709054063,sell,4176.580000,3.761000
11635272,1758709054219,sell,4176.500000,0.459000
11635273,1758709055049,sell,4176.500000,5.004000
11635274,1758709055850,buy,4176.600000,0.015000
11635275,1758709056612,buy,4176.600000,1.408000
11635276,1758709056649,buy,4176.530000,2.124000
11635277,1758709056731,sell,4176.500000,1.270000
11635278,1758709057271,sell,4176.500000,0.166000
11635279,1758709057342,buy,4176.600000,0.085000
11635280,1758709057975,buy,4176.600000,0.002000
11635281,1758709058239,sell,4176.560000,4.709000
11635282,1758709058798,sell,4176.500000,0.050000
11635283,1758709058948,sell,4176.500000,0.294000
11635284,1758709059084,buy,4176.600000,5.000000
11635285,1758709059735,sell,4176.500000,0.003000
11635286,1758709060005,buy,4176.600000,2.402000
11635287,1758709060245,sell,4176.500000,0.166000
11635288,1758709060563,buy,4176.600000,0.004000
11635289,1758709060753,sell,4176.500000,2.000000
11635290,1758709061021,sell,4176.500000,0.270000
11635291,1758709061049,buy,4176.550000,6.837000
11635292,1758709061629,sell,4176.500000,5.000000
11635293,1758709061871,buy,4176.600000,0.210000
11635294,1758709062085,buy,4176.600000,0.020000
11635295,1758709063102,sell,4176.500000,0.270000
11635296,1758709063263,sell,4176.500000,0.166000
11635297,1758709063628,sell,4176.500000,0.021000
11635298,1758709063728,buy,4176.600000,0.050000
11635299,1758709064011,buy,4176.600000,1.000000
11635300,1758709064173,sell,4176.500000,0.696000
11635301,1758709064357,sell,4176.540000,4.448000
11635302,1758709064560,buy,4176.600000,7.029000
11635303,1758709065022,sell,4176.500000,0.272000
11635304,1758709065121,buy,4176.600000,5.015000
11635305,1758709065586,buy,4176.600000,0.003000
11635306,1758709066170,sell,4176.500000,0.003000
11635307,1758709066283,sell,4176.500000,0.166000
11635308,1758709066767,buy,4176.600000,0.014000
11635309,1758709066960,sell,4176.500000,0.270000
11635310,1758709067566,buy,4176.600000,0.004000
11635311,1758709067567,sell,4176.500000,5.000000
11635312,1758709068366,buy,4176.510000,4.859000
11635313,1758709068529,sell,4176.500000,0.008000
11635314,1758709068886,buy,4176.600000,0.119000
11635315,1758709069013,buy,4176.600000,20.976000
11635316,1758709069245,sell,4176.500000,0.436000
11635317,1758709069374,buy,4176.600000,0.002000
11635318,1758709070092,sell,4176.500000,0.021000
11635319,1758709071358,sell,4176.500000,0.247000
11635320,1758709071480,buy,4176.600000,0.270000
11635321,1758709071614,buy,4176.600000,0.029000
11635322,1758709071978,sell,4176.590000,1.075000
11635323,1758709072079,buy,4176.600000,5.112000
11635324,1758709072239,sell,4176.500000,0.166000
11635325,1758709072429,sell,4176.500000,0.004000
11635326,1758709073185,sell,4176.500000,0.025000
11635327,1758709073426,buy,4176.600000,0.270000
11635328,1758709073523,sell,4176.540000,3.401000
11635329,1758709074741,sell,4176.500000,0.004000
11635330,1758709075224,buy,4176.600000,2.485000
11635331,1758709075288,sell,4176.500000,0.166000
11635332,1758709075365,buy,4176.600000,0.270000
11635333,1758709075715,sell,4176.500000,0.050000
11635334,1758709076212,buy,4176.570000,1.302000
11635335,1758709076290,buy,4176.600000,0.006000
11635336,1758709076860,sell,4176.500000,0.002000
11635337,1758709077257,sell,4176.550000,2.445000
11635338,1758709077737,buy,4176.600000,0.270000
11635339,1758709077848,buy,4176.600000,0.023000
11635340,1758709078236,sell,4176.500000,0.166000
11635341,1758709079396,sell,4176.500000,0.019000
11635342,1758709079550,buy,4176.530000,5.004000
11635343,1758709079664,buy,4176.600000,0.270000
11635344,1758709080749,buy,4176.600000,0.050000
11635345,1758709080932,sell,4176.500000,0.010000
11635346,1758709081129,buy,4176.600000,0.002000
11635347,1758709081477,sell,4176.500000,0.166000
11635348,1758709081752,buy,4176.600000,0.270000
11635349,1758709081929,buy,4176.600000,0.004000
11635350,1758709082575,buy,4176.600000,0.030000
11635351,1758709082749,sell,4176.570000,3.967000
11635352,1758709083601,sell,4176.500000,0.382000
11635353,1758709083875,sell,4176.500000,0.583000
11635354,1758709083892,buy,4176.600000,0.005000
11635355,1758709084114,sell,4176.500000,0.017000
11635356,1758709084244,sell,4176.500000,4.326000
11635357,1758709084259,buy,4176.600000,0.270000
11635358,1758709084275,sell,4176.500000,0.789000
11635359,1758709084545,sell,4176.500000,0.334000
11635360,1758709085026,sell,4176.500000,0.005000
11635361,1758709085689,sell,4176.500000,0.013000
11635362,1758709085851,buy,4176.570000,5.336000
11635363,1758709086222,buy,4176.600000,0.270000
11635364,1758709087170,sell,4176.500000,0.463000
11635365,1758709087231,buy,4176.600000,0.026000
11635366,1758709087280,sell,4176.500000,0.166000
11635367,1758709087661,sell,4176.550000,7.637000
11635368,1758709087988,buy,4176.600000,7.352000
11635369,1758709088127,sell,4176.500000,3.000000
11635370,1758709088206,buy,4176.600000,0.270000
11635371,1758709088258,sell,4176.500000,0.002000
11635372,1758709088495,buy,4176.600000,0.005000
11635373,1758709088754,buy,4176.600000,0.004000
11635374,1758709088940,sell,4176.500000,0.005000
11635375,1758709089978,sell,4176.500000,4.724000
11635376,1758709090235,sell,4176.500000,0.196000
11635377,1758709090445,buy,4176.600000,0.270000
11635378,1758709090525,buy,4176.530000,2.464000
11635379,1758709091385,buy,4176.600000,0.068000
11635380,1758709092024,buy,4176.600000,0.012000
11635381,1758709092197,sell,4176.500000,15.000000
11635382,1758709092378,buy,4176.600000,0.270000
11635383,1758709092539,sell,4176.500000,0.910000
11635384,1758709092550,buy,4176.550000,5.030000
11635385,1758709092847,sell,4176.500000,0.511000
11635386,1758709093116,sell,4176.500000,0.695000
11635387,1758709093245,sell,4176.500000,0.166000
11635388,1758709093294,buy,4176.600000,0.119000
11635389,1758709093561,buy,4176.600000,0.006000
11635390,1758709093945,buy,4176.600000,0.002000
11635391,1758709094481,buy,4176.600000,0.270000
11635392,1758709095090,sell,4176.500000,0.068000
11635393,1758709095350,sell,4176.550000,5.699000
11635394,1758709095502,sell,4176.500000,4.717000
11635395,1758709095967,sell,4176.500000,1.312000
11635396,1758709096243,sell,4176.500000,0.177000
11635397,1758709096555,buy,4176.600000,0.275000
11635398,1758709097268,sell,4176.500000,1.073000
11635399,1758709098223,buy,4176.600000,0.003000
11635400,1758709098699,buy,4176.550000,4.691000
11635401,1758709099189,buy,4176.600000,0.270000
11635402,1758709099230,sell,4176.500000,0.166000
11635403,1758709099803,sell,4176.500000,0.008000
11635404,1758709100365,buy,4176.600000,0.050000
11635405,1758709101114,buy,4176.600000,0.270000
11635406,1758709101251,buy,4176.600000,11.741000
11635407,1758709101638,sell,4176.570000,2.512000
11635408,1758709101667,sell,4176.500000,0.002000
11635409,1758709102289,sell,4176.500000,0.166000
11635410,1758709102737,buy,4176.600000,9.693000
11635411,1758709102865,buy,4176.600000,0.018000
11635412,1758709103242,sell,4176.500000,0.270000
11635413,1758709103390,sell,4176.500000,11.971000
11635414,1758709103745,buy,4176.600000,0.003000
11635415,1758709103910,sell,4176.570000,8.696000
11635416,1758709104416,sell,4176.500000,0.018000
11635417,1758709105282,sell,4176.500000,0.439000
11635418,1758709105956,sell,4176.500000,0.009000
11635419,1758709106244,buy,4176.600000,0.002000
11635420,1758709107219,sell,4176.500000,0.320000
11635421,1758709107335,buy,4176.510000,5.651000
11635422,1758709107518,buy,4176.600000,0.180000
11635423,1758709108165,sell,4176.500000,0.166000
11635424,1758709109042,buy,4176.600000,0.018000
11635425,1758709109222,sell,4176.500000,0.270000
11635426,1758709109381,sell,4176.500000,23.954000
11635427,1758709109723,buy,4176.600000,0.239000
11635428,1758709109837,sell,4176.500000,3.000000
11635429,1758709110558,buy,4176.560000,5.143000
11635430,1758709110577,sell,4176.500000,0.024000
11635431,1758709111181,sell,4176.500000,0.166000
11635432,1758709111457,sell,4176.500000,0.270000
11635433,1758709112124,buy,4176.600000,0.068000
11635434,1758709112834,sell,4176.500000,0.002000
11635435,1758709113034,sell,4176.510000,9.325000
11635436,1758709113421,sell,4176.500000,0.270000
11635437,1758709113696,sell,4176.500000,0.014000
11635438,1758709114086,buy,4176.600000,2.481000
11635439,1758709114151,sell,4176.500000,0.166000
11635440,1758709114237,buy,4176.600000,0.119000
11635441,1758709114243,sell,4176.500000,0.481000
11635442,1758709115182,sell,4176.500000,7.352000
11635443,1758709115291,sell,4176.500000,0.274000
11635444,1758709115948,buy,4176.580000,7.032000
11635445,1758709116827,buy,4176.600000,0.004000
11635446,1758709117181,sell,4176.500000,0.166000
11635447,1758709117293,sell,4176.500000,0.270000
11635448,1758709118040,buy,4176.600000,50.000000
11635449,1758709118225,buy,4176.600000,1.031000
11635450,1758709118343,buy,4176.600000,0.002000
11635451,1758709118697,buy,4176.600000,0.024000
11635452,1758709119490,sell,4176.500000,0.270000
11635453,1758709119561,sell,4176.510000,6.122000
11635454,1758709120149,sell,4176.500000,0.166000
11635455,1758709120447,sell,4176.500000,0.028000
11635456,1758709120607,sell,4176.500000,0.050000
11635457,1758709121554,sell,4176.500000,0.270000
11635458,1758709122223,buy,4176.600000,0.005000
11635459,1758709123172,sell,4176.500000,20.166000
11635460,1758709123448,buy,4176.560000,5.937000
11635461,1758709123481,sell,4176.500000,0.270000
11635462,1758709123731,buy,4176.600000,26.360000
11635463,1758709125409,sell,4176.500000,0.270000
11635464,1758709125538,sell,4176.500000,0.011000
11635465,1758709125671,buy,4176.600000,0.050000
11635466,1758709125783,sell,4176.500000,0.002000
11635467,1758709125905,sell,4176.540000,8.984000
11635468,1758709126152,sell,4176.500000,0.166000
11635469,1758709126698,sell,4176.500000,0.242000
11635470,1758709126856,sell,4176.500000,25.000000
11635471,1758709127076,sell,4176.500000,0.017000
11635472,1758709127480,sell,4176.500000,0.270000
11635473,1758709127824,sell,4176.500000,1.031000
11635474,1758709128690,buy,4176.600000,0.015000
11635475,1758709128838,buy,4176.590000,6.340000
11635476,1758709129160,sell,4176.500000,0.166000
11635477,1758709129412,sell,4176.500000,0.270000
11635478,1758709129977,buy,4176.600000,0.002000
11635479,1758709130246,sell,4176.500000,0.007000
11635480,1758709130698,buy,4176.600000,1.188000
11635481,1758709130750,sell,4176.500000,5.000000
11635482,1758709131346,sell,4176.500000,0.270000
11635483,1758709131776,sell,4176.500000,0.008000
11635484,1758709132114,buy,4176.560000,8.107000
11635485,1758709132174,sell,4176.500000,0.166000
11635486,1758709133216,sell,4176.500000,0.050000
11635487,1758709133334,buy,4176.600000,0.022000
11635488,1758709133612,buy,4176.600000,0.270000
11635489,1758709134013,sell,4176.500000,7.029000
11635490,1758709134888,buy,4176.600000,0.006000
11635491,1758709135148,sell,4176.500000,0.166000
11635492,1758709135377,sell,4176.540000,6.510000
11635493,1758709135555,buy,4176.600000,0.270000
11635494,1758709136441,sell,4176.500000,0.023000
11635495,1758709137417,sell,4176.500000,0.002000
11635496,1758709137489,buy,4176.600000,0.270000
11635497,1758709138009,sell,4176.500000,0.005000
11635498,1758709138149,sell,4176.500000,0.166000
11635499,1758709138561,buy,4176.600000,0.050000
11635500,1758709138960,buy,4176.520000,2.601000
11635501,1758709139531,buy,4176.600000,0.022000
11635502,1758709139691,buy,4176.600000,0.270000
11635503,1758709140186,sell,4176.510000,4.142000
11635504,1758709141081,buy,4176.600000,0.003000
11635505,1758709141164,sell,4176.500000,0.166000
11635506,1758709141426,buy,4176.520000,14.982000
11635507,1758709141686,buy,4176.600000,0.272000
11635508,1758709142019,sell,4176.500000,0.183000
11635509,1758709142715,buy,4176.600000,1.197000
11635510,1758709142865,sell,4176.500000,0.012000
11635511,1758709143809,sell,4176.500000,4.815000
11635512,1758709143866,buy,4176.600000,0.270000
11635513,1758709144171,sell,4176.500000,0.166000
11635514,1758709144624,sell,4176.500000,0.013000
11635515,1758709145214,sell,4176.590000,7.648000
11635516,1758709145875,sell,4176.500000,0.176000
11635517,1758709145935,buy,4176.600000,0.270000
11635518,1758709146199,buy,4176.600000,0.012000
11635519,1758709147171,sell,4176.500000,0.166000
11635520,1758709147763,buy,4176.600000,0.278000
11635521,1758709147923,buy,4176.600000,1.019000
11635522,1758709148410,sell,4176.500000,0.050000
11635523,1758709148616,sell,4176.500000,0.002000
11635524,1758709148738,sell,4176.530000,8.010000
11635525,1758709149081,buy,4176.600000,0.119000
11635526,1758709149352,sell,4176.500000,0.014000
11635527,1758709149925,buy,4176.600000,0.270000
11635528,1758709150164,sell,4176.500000,0.166000
11635529,1758709150717,buy,4176.500000,13.259000
11635530,1758709150857,sell,4176.500000,19.837000
11635531,1758709150858,sell,4176.400000,0.990000
11635532,1758709150858,sell,4176.300000,0.239000
11635533,1758709150858,sell,4176.200000,5.244000
11635534,1758709150858,sell,4176.100000,0.008000
11635535,1758709150858,sell,4176.000000,0.498000
11635536,1758709150886,sell,4176.100000,0.006000
11635537,1758709151469,buy,4176.100000,0.073000
11635538,1758709151852,buy,4176.100000,0.270000
11635539,1758709152451,buy,4176.100000,0.014000
11635540,1758709152954,buy,4176.100000,0.002000
11635541,1758709153055,buy,4176.100000,0.094000
11635542,1758709153183,sell,4176.000000,0.166000
11635543,1758709153733,sell,4176.060000,3.414000
11635544,1758709153792,buy,4176.100000,0.270000
11635545,1758709153867,sell,4176.000000,1.019000
11635546,1758709153977,sell,4176.000000,0.966000
11635547,1758709154396,buy,4176.100000,0.050000
11635548,1758709154991,buy,4176.100000,0.800000
11635549,1758709154992,sell,4176.000000,1.600000
11635550,1758709155040,buy,4176.100000,0.800000
11635551,1758709155413,sell,4176.090000,4.756000
11635552,1758709155511,sell,4176.000000,0.005000
11635553,1758709155628,sell,4176.000000,0.006000
11635554,1758709155700,buy,4176.100000,0.270000
11635555,1758709156172,sell,4176.000000,0.166000
11635556,1758709156891,buy,4176.100000,1.197000
11635557,1758709157055,buy,4176.100000,0.019000
11635558,1758709157756,buy,4176.100000,0.270000
11635559,1758709157756,sell,4176.020000,8.951000
11635560,1758709158514,buy,4176.100000,0.122000
11635561,1758709159150,sell,4176.000000,0.166000
11635562,1758709159325,sell,4176.000000,0.002000
11635563,1758709159632,sell,4176.000000,0.627000
11635564,1758709160001,sell,4176.000000,0.696000
11635565,1758709160110,sell,4176.000000,0.019000
11635566,1758709160241,buy,4176.100000,0.270000
11635567,1758709160594,sell,4176.000000,0.590000
11635568,1758709160624,buy,4176.040000,8.658000
11635569,1758709161200,buy,4176.100000,0.003000
11635570,1758709161679,sell,4176.000000,0.003000
11635571,1758709161684,buy,4176.100000,10.000000
11635572,1758709162150,sell,4176.000000,5.166000
11635573,1758709162159,buy,4176.100000,0.270000
11635574,1758709162794,sell,4176.000000,0.003000
11635575,1758709163170,sell,4176.000000,0.090000
11635576,1758709163226,buy,4176.100000,0.016000
11635577,1758709163661,buy,4176.100000,0.002000
11635578,1758709163808,sell,4176.000000,0.817000
11635579,1758709163989,sell,4176.000000,11.465000
11635580,1758709164300,sell,4176.000000,0.270000
11635581,1758709164555,sell,4176.070000,13.931000
11635582,1758709164803,sell,4176.000000,1.122000
11635583,1758709165153,sell,4176.000000,1.223000
11635584,1758709165744,sell,4176.000000,0.964000
11635585,1758709165908,sell,4176.000000,0.674000
11635586,1758709166030,buy,4176.100000,2.394000
11635587,1758709166236,sell,4176.000000,0.270000
11635588,1758709166388,buy,4176.100000,1.584000
11635589,1758709166414,sell,4176.000000,0.010000
11635590,1758709166658,buy,4176.100000,0.222000
11635591,1758709166861,buy,4176.100000,0.674000
11635592,1758709167948,buy,4176.100000,0.008000
11635593,1758709168160,sell,4176.000000,0.436000
11635594,1758709168279,buy,4176.080000,15.969000
11635595,1758709168338,buy,4176.100000,0.605000
11635596,1758709169691,buy,4176.100000,0.012000
11635597,1758709170250,sell,4176.000000,0.320000
11635598,1758709170439,sell,4176.000000,0.002000
11635599,1758709170934,sell,4176.020000,17.739000
11635600,1758709171173,sell,4176.000000,0.186000
11635601,1758709172364,sell,4176.000000,1.270000
11635602,1758709172801,buy,4176.100000,0.007000
11635603,1758709174172,buy,4176.010000,4.606000
11635604,1758709174183,sell,4176.000000,0.166000
11635605,1758709174434,buy,4176.100000,0.012000
11635606,1758709174545,sell,4176.000000,0.270000
11635607,1758709174865,buy,4176.100000,0.002000
11635608,1758709175539,buy,4176.100000,0.050000
11635609,1758709175814,buy,4176.050000,6.877000
11635610,1758709175961,sell,4176.000000,0.019000
11635611,1758709176603,sell,4176.000000,0.270000
11635612,1758709177170,sell,4176.000000,0.166000
11635613,1758709177531,buy,4176.100000,0.028000
11635614,1758709177702,buy,4176.100000,31.130000
11635615,1758709177764,sell,4176.000000,0.800000
11635616,1758709177786,buy,4176.100000,0.800000
11635617,1758709177791,sell,4176.000000,0.800000
11635618,1758709177866,buy,4176.100000,0.800000
11635619,1758709178146,buy,4176.020000,11.901000
11635620,1758709178215,sell,4176.000000,31.130000
11635621,1758709178524,sell,4176.000000,0.270000
11635622,1758709179097,sell,4176.000000,0.006000
11635623,1758709180150,sell,4176.000000,0.166000
11635624,1758709180646,sell,4176.000000,0.022000
11635625,1758709180749,sell,4176.000000,27.089000
11635626,1758709181303,sell,4176.000000,0.002000
11635627,1758709181390,sell,4176.040000,3.490000
11635628,1758709181681,sell,4176.000000,1.008000
11635629,1758709182509,buy,4176.100000,0.007000
11635630,1758709182736,sell,4176.020000,17.175000
11635631,1758709182902,sell,4176.000000,0.270000
11635632,1758709183173,sell,4176.000000,0.166000
11635633,1758709184028,buy,4176.100000,23.946000
11635634,1758709184296,buy,4176.100000,0.020000
11635635,1758709184838,sell,4176.000000,0.270000
11635636,1758709185285,buy,4176.100000,4.442000
11635637,1758709185481,buy,4176.100000,1.008000
11635638,1758709185847,sell,4176.000000,0.027000
11635639,1758709185998,buy,4176.030000,13.552000
11635640,1758709186212,sell,4176.000000,0.166000
11635641,1758709186754,sell,4176.000000,0.270000
11635642,1758709187401,buy,4176.100000,0.029000
11635643,1758709187688,buy,4176.100000,0.090000
11635644,1758709188683,sell,4176.000000,0.270000
11635645,1758709188698,sell,4176.050000,7.725000
11635646,1758709188924,sell,4176.000000,0.018000
11635647,1758709189147,sell,4176.000000,0.166000
11635648,1758709190315,sell,4176.000000,0.050000
11635649,1758709190499,sell,4176.000000,0.011000
11635650,1758709190609,sell,4176.000000,0.270000
11635651,1758709191414,sell,4176.000000,23.946000
11635652,1758709191765,buy,4176.100000,0.724000
11635653,1758709191847,sell,4176.000000,0.002000
11635654,1758709192058,buy,4176.100000,0.007000
11635655,1758709192173,sell,4176.000000,0.166000
11635656,1758709192327,buy,4176.050000,13.713000
11635657,1758709192543,buy,4176.100000,0.119000
11635658,1758709192547,sell,4176.000000,0.270000
11635659,1758709193581,sell,4176.000000,0.100000
11635660,1758709193601,buy,4176.100000,0.018000
11635661,1758709194673,buy,4176.100000,0.270000
11635662,1758709194763,sell,4176.000000,0.724000
11635663,1758709195143,sell,4176.000000,0.181000
11635664,1758709195705,buy,4176.100000,0.050000
11635665,1758709195751,sell,4176.020000,2.759000
11635666,1758709196272,buy,4176.100000,0.002000
11635667,1758709196622,buy,4176.100000,0.270000
11635668,1758709196694,sell,4176.000000,0.010000
11635669,1758709197291,sell,4176.040000,3.290000
11635670,1758709197420,sell,4176.000000,1.196000
11635671,1758709197641,buy,4176.100000,0.300000
11635672,1758709197645,sell,4176.000000,0.600000
11635673,1758709197704,buy,4176.100000,0.300000
11635674,1758709198149,sell,4176.000000,0.166000
11635675,1758709198252,buy,4176.100000,23.972000
11635676,1758709198452,sell,4176.080000,5.652000
11635677,1758709198696,buy,4176.100000,0.270000
11635678,1758709199770,sell,4176.000000,0.017000
11635679,1758709200592,buy,4176.100000,0.100000
11635680,1758709200594,sell,4176.000000,0.100000
11635681,1758709200687,buy,4176.100000,0.050000
11635682,1758709200694,sell,4176.000000,0.100000
11635683,1758709200694,buy,4176.100000,1.246000
11635684,1758709200795,buy,4176.100000,0.100000
11635685,1758709200806,sell,4176.000000,0.200000
11635686,1758709200810,buy,4176.100000,0.230000
11635687,1758709200867,sell,4176.000000,0.200000
11635688,1758709200870,buy,4176.100000,10.695000
11635689,1758709201113,buy,4176.060000,28.385000
11635690,1758709201122,buy,4176.100000,0.300000
11635691,1758709201122,buy,4176.400000,1.319000
11635692,1758709201168,buy,4176.100000,0.350000
11635693,1758709201169,buy,4176.400000,5.089000
11635694,1758709201187,sell,4176.000000,0.166000
11635695,1758709201307,sell,4176.300000,0.009000
11635696,1758709201313,buy,4176.400000,0.270000
11635697,1758709201752,sell,4176.300000,1.188000
11635698,1758709202018,sell,4176.300000,5.112000
11635699,1758709202835,buy,4176.400000,0.026000
11635700,1758709202874,sell,4176.300000,0.002000
11635701,1758709202956,buy,4176.400000,0.759000
11635702,1758709202956,buy,4176.500000,0.346000
11635703,1758709202956,buy,4176.600000,19.607000
11635704,1758709203229,buy,4176.400000,0.300000
11635705,1758709203370,buy,4176.400000,0.270000
11635706,1758709203504,buy,4176.400000,0.300000
11635707,1758709203780,buy,4176.400000,0.300000
11635708,1758709204183,sell,4176.300000,0.166000
11635709,1758709204369,sell,4176.300000,0.011000
11635710,1758709204990,sell,4176.340000,10.628000
11635711,1758709205193,buy,4176.400000,0.004000
11635712,1758709205298,buy,4176.400000,0.270000
11635713,1758709205952,sell,4176.300000,0.015000
11635714,1758709206377,sell,4176.300000,0.004000
11635715,1758709206705,sell,4176.320000,27.575000
11635716,1758709207201,sell,4176.300000,0.166000
11635717,1758709207359,buy,4176.400000,0.270000
11635718,1758709207424,sell,4176.300000,23.946000
11635719,1758709207553,buy,4176.400000,0.328000
11635720,1758709207702,sell,4176.300000,0.300000
11635721,1758709207709,buy,4176.400000,0.998000
11635722,1758709207903,sell,4176.300000,0.048000
11635723,1758709209081,buy,4176.400000,0.003000
11635724,1758709209114,sell,4176.300000,0.050000
11635725,1758709209426,buy,4176.400000,0.270000
11635726,1758709209822,buy,4176.400000,0.005000
11635727,1758709209873,buy,4176.310000,18.428000
11635728,1758709210150,sell,4176.300000,0.166000
11635729,1758709210403,sell,4176.300000,0.005000
11635730,1758709210854,sell,4176.300000,0.029000
11635731,1758709211484,buy,4176.400000,0.270000
11635732,1758709211676,sell,4176.300000,0.024000
11635733,1758709212391,buy,4176.400000,0.027000
11635734,1758709213171,sell,4176.300000,0.166000
11635735,1758709213343,sell,4176.300000,0.555000
11635736,1758709213586,sell,4176.300000,31.826000
11635737,1758709213730,sell,4176.340000,13.898000
11635738,1758709213744,buy,4176.400000,0.270000
11635739,1758709213926,sell,4176.300000,0.022000
11635740,1758709214133,sell,4176.300000,0.002000
11635741,1758709214259,buy,4176.400000,0.139000
11635742,1758709214801,buy,4176.400000,0.020000
11635743,1758709214814,sell,4176.300000,10.000000
11635744,1758709215016,buy,4176.400000,1.225000
11635745,1758709215140,buy,4176.400000,0.004000
11635746,1758709215140,buy,4176.600000,0.016000
11635747,1758709215157,buy,4176.400000,0.774000
11635748,1758709215177,buy,4176.500000,0.016000
11635749,1758709215187,buy,4176.400000,0.020000
11635750,1758709215347,buy,4176.400000,0.024000
11635751,1758709215395,sell,4176.300000,2.005000
11635752,1758709215626,buy,4176.400000,7.422000
11635753,1758709215626,buy,4176.600000,0.053000
11635754,1758709215626,buy,4176.700000,16.470000
11635755,1758709215676,sell,4176.300000,0.300000
11635756,1758709215812,buy,4176.400000,0.570000
11635757,1758709216010,buy,4176.380000,3.020000
11635758,1758709216163,sell,4176.300000,0.166000
11635759,1758709216174,buy,4176.400000,0.300000
11635760,1758709217008,buy,4176.400000,0.006000
11635761,1758709217064,buy,4176.330000,5.865000
11635762,1758709217879,buy,4176.400000,0.835000
11635763,1758709218003,buy,4176.400000,0.002000
11635764,1758709218246,buy,4176.400000,0.300000
11635765,1758709218371,sell,4176.300000,0.004000
11635766,1758709218541,buy,4176.400000,6.245000
11635767,1758709218562,buy,4176.500000,0.092000
11635768,1758709218562,buy,4176.600000,0.184000
11635769,1758709218562,buy,4176.700000,4.301000
11635770,1758709218697,buy,4176.600000,0.019000
11635771,1758709218857,sell,4176.570000,6.993000
11635772,1758709219070,sell,4176.500000,0.169000
11635773,1758709219848,buy,4176.600000,0.270000
11635774,1758709220068,sell,4176.500000,0.024000
11635775,1758709220305,buy,4176.520000,18.379000
11635776,1758709220928,sell,4176.500000,0.030000
11635777,1758709221039,buy,4176.600000,0.003000
11635778,1758709221618,buy,4176.600000,1.026000
11635779,1758709222019,buy,4176.600000,0.290000
11635780,1758709222155,sell,4176.500000,0.166000
11635781,1758709222277,buy,4176.600000,0.020000
11635782,1758709222859,sell,4176.500000,23.945000
11635783,1758709222945,buy,4176.600000,0.020000
11635784,1758709223112,buy,4176.600000,0.002000
11635785,1758709223149,sell,4176.500000,0.009000
11635786,1758709223575,buy,4176.600000,0.020000
11635787,1758709224224,sell,4176.510000,16.209000
11635788,1758709224267,buy,4176.600000,0.270000
11635789,1758709224349,sell,4176.500000,0.002000
11635790,1758709224909,sell,4176.500000,0.017000
11635791,1758709225160,sell,4176.500000,0.166000
11635792,1758709225160,buy,4176.600000,0.030000
11635793,1758709226398,sell,4176.500000,0.270000
11635794,1758709226876,buy,4176.510000,16.951000
11635795,1758709226957,buy,4176.600000,0.359000
11635796,1758709227739,buy,4176.600000,0.048000
11635797,1758709228145,sell,4176.500000,0.166000
11635798,1758709228263,buy,4176.600000,1.170000
11635799,1758709228326,sell,4176.500000,0.270000
11635800,1758709228437,buy,4176.600000,0.005000
11635801,1758709229305,sell,4176.500000,0.050000
11635802,1758709230054,sell,4176.500000,0.015000
11635803,1758709230262,sell,4176.500000,0.270000
11635804,1758709230265,buy,4176.600000,7.183000
11635805,1758709230730,sell,4176.500000,0.039000
11635806,1758709230742,sell,4176.540000,7.534000
11635807,1758709230816,buy,4176.600000,23.944000
11635808,1758709231176,sell,4176.500000,0.166000
11635809,1758709231580,buy,4176.600000,0.016000
11635810,1758709231839,sell,4176.500000,0.998000
11635811,1758709232140,sell,4176.500000,4.000000
11635812,1758709232299,sell,4176.560000,12.902000
11635813,1758709232335,sell,4176.500000,0.270000
11635814,1758709233018,buy,4176.600000,0.023000
11635815,1758709233037,sell,4176.500000,0.010000
11635816,1758709234038,buy,4176.600000,0.039000
11635817,1758709234211,sell,4176.500000,0.166000
11635818,1758709234463,sell,4176.500000,0.270000
11635819,1758709234643,sell,4176.500000,0.010000
11635820,1758709234977,buy,4176.600000,0.050000
11635821,1758709235362,sell,4176.500000,0.002000
11635822,1758709235419,buy,4176.550000,10.872000
11635823,1758709236209,buy,4176.600000,0.007000
11635824,1758709236400,sell,4176.500000,0.270000
11635825,1758709237151,sell,4176.500000,24.110000
11635826,1758709237637,sell,4176.500000,2.065000
11635827,1758709237732,buy,4176.600000,0.023000
11635828,1758709237802,sell,4176.500000,17.314000
11635829,1758709237913,sell,4176.500000,0.309000
11635830,1758709238333,sell,4176.500000,0.270000
11635831,1758709238483,sell,4176.520000,5.859000
11635832,1758709239310,sell,4176.500000,0.026000
11635833,1758709239602,sell,4176.500000,0.078000
11635834,1758709239731,buy,4176.600000,0.002000
11635835,1758709239768,buy,4176.530000,13.027000
11635836,1758709239869,sell,4176.500000,0.155000
11635837,1758709240150,sell,4176.500000,0.166000
11635838,1758709240265,sell,4176.500000,0.270000
11635839,1758709240830,sell,4176.500000,0.004000
11635840,1758709241219,sell,4176.500000,0.400000
11635841,1758709241924,sell,4176.530000,7.938000
11635842,1758709242473,buy,4176.600000,0.005000
11635843,1758709242887,sell,4176.500000,0.270000
11635844,1758709243159,sell,4176.500000,0.166000
11635845,1758709243446,sell,4176.500000,2.992000
11635846,1758709243481,sell,4176.580000,5.545000
11635847,1758709243847,buy,4176.600000,23.943000
11635848,1758709244224,buy,4176.600000,0.012000
11635849,1758709244463,buy,4176.600000,0.028000
11635850,1758709244981,sell,4176.500000,0.270000
11635851,1758709245189,buy,4176.500000,21.985000
11635852,1758709245770,sell,4176.500000,0.011000
11635853,1758709246159,sell,4176.500000,0.166000
11635854,1758709246262,sell,4176.500000,0.002000
11635855,1758709246872,buy,4176.600000,9.401000
11635856,1758709247048,sell,4176.500000,0.270000
11635857,1758709247578,sell,4176.500000,0.006000
11635858,1758709248114,sell,4176.500000,0.028000
11635859,1758709248287,sell,4176.520000,4.965000
11635860,1758709248350,sell,4176.500000,0.094000
11635861,1758709248616,sell,4176.500000,0.004000
11635862,1758709248953,sell,4176.500000,0.375000
11635863,1758709249172,sell,4176.500000,0.166000
11635864,1758709249368,sell,4176.590000,18.008000
11635865,1758709249674,buy,4176.600000,0.011000
11635866,1758709250681,buy,4176.600000,0.002000
11635867,1758709251155,sell,4176.500000,0.320000
11635868,1758709251217,buy,4176.600000,0.011000
11635869,1758709251585,buy,4176.600000,0.030000
11635870,1758709251704,sell,4176.500000,0.153000
11635871,1758709251968,sell,4176.500000,0.199000
11635872,1758709252158,sell,4176.500000,0.194000
11635873,1758709252433,sell,4176.500000,0.300000
11635874,1758709252635,buy,4176.570000,14.290000
11635875,1758709252750,sell,4176.500000,4.345000
11635876,1758709252851,sell,4176.500000,35.577000
11635877,1758709253113,sell,4176.500000,1.530000
11635878,1758709253437,sell,4176.500000,0.002000
11635879,1758709254513,buy,4176.600000,0.023000
11635880,1758709255148,sell,4176.500000,0.166000
11635881,1758709255292,sell,4176.500000,1.139000
11635882,1758709255774,sell,4176.500000,0.468000
11635883,1758709256065,buy,4176.600000,0.004000
11635884,1758709256207,sell,4176.550000,14.090000
11635885,1758709256377,buy,4176.600000,0.050000
11635886,1758709257057,sell,4176.500000,0.002000
11635887,1758709257614,sell,4176.500000,0.006000
11635888,1758709257614,buy,4176.600000,0.270000
11635889,1758709257959,buy,4176.550000,12.375000
11635890,1758709258162,sell,4176.500000,0.166000
11635891,1758709258962,sell,4176.500000,0.100000
11635892,1758709259019,buy,4176.600000,0.145000
11635893,1758709259169,sell,4176.500000,1.021000
11635894,1758709259443,buy,4176.600000,23.943000
11635895,1758709259680,buy,4176.600000,0.270000
11635896,1758709259684,sell,4176.560000,5.913000
11635897,1758709260727,buy,4176.600000,0.016000
11635898,1758709260864,buy,4176.600000,10.002000
11635899,1758709261073,sell,4176.590000,7.496000
11635900,1758709261160,sell,4176.500000,0.166000
11635901,1758709261735,buy,4176.600000,0.270000
11635902,1758709262301,buy,4176.600000,0.008000
11635903,1758709262528,sell,4176.500000,0.026000
11635904,1758709262994,buy,4176.600000,1.197000
11635905,1758709263334,sell,4176.500000,0.824000
11635906,1758709263595,buy,4176.600000,1.500000
11635907,1758709263757,buy,4176.590000,3.170000
11635908,1758709263824,sell,4176.500000,0.012000
11635909,1758709263938,buy,4176.600000,0.270000
11635910,1758709264025,sell,4176.500000,0.393000
11635911,1758709264151,sell,4176.500000,5.166000
11635912,1758709265113,buy,4176.580000,5.699000
11635913,1758709265219,sell,4176.500000,0.917000
11635914,1758709265341,sell,4176.500000,0.012000
11635915,1758709265866,buy,4176.600000,0.298000
11635916,1758709266484,sell,4176.500000,0.050000
11635917,1758709266897,buy,4176.600000,0.027000
11635918,1758709267182,sell,4176.500000,24.109000
11635919,1758709267613,sell,4176.500000,0.371000
11635920,1758709268085,buy,4176.600000,0.270000
11635921,1758709268200,sell,4176.500000,5.002000
11635922,1758709268424,sell,4176.500000,0.021000
11635923,1758709268703,sell,4176.570000,2.855000
11635924,1758709269132,sell,4176.500000,0.292000
11635925,1758709269632,sell,4176.500000,0.891000
11635926,1758709269779,sell,4176.500000,0.303000
11635927,1758709269906,sell,4176.500000,0.600000
11635928,1758709269955,sell,4176.300000,0.006000
11635929,1758709270015,buy,4176.600000,0.270000
11635930,1758709270127,sell,4176.500000,0.300000
11635931,1758709270160,sell,4176.300000,1.092000
11635932,1758709270526,buy,4176.400000,10.076000
11635933,1758709270566,sell,4176.390000,5.670000
11635934,1758709270848,sell,4176.300000,0.028000
11635935,1758709271011,buy,4176.400000,0.720000
11635936,1758709271513,buy,4176.400000,0.056000
11635937,1758709271820,sell,4176.300000,0.002000
11635938,1758709271945,buy,4176.400000,0.270000
11635939,1758709272263,buy,4176.400000,1.076000
11635940,1758709272601,buy,4176.400000,0.002000
11635941,1758709273149,sell,4176.300000,0.166000
11635942,1758709273265,buy,4176.400000,0.014000
11635943,1758709273653,buy,4176.400000,0.004000
11635944,1758709274025,sell,4176.300000,1.170000
11635945,1758709274087,buy,4176.370000,6.445000
11635946,1758709274165,buy,4176.400000,0.270000
11635947,1758709274303,buy,4176.400000,0.027000
11635948,1758709274492,buy,4176.400000,0.100000
11635949,1758709275045,sell,4176.300000,0.011000
11635950,1758709276108,buy,4176.400000,0.270000
11635951,1758709276160,sell,4176.300000,0.166000
11635952,1758709276652,sell,4176.300000,0.009000
11635953,1758709277629,sell,4176.320000,5.055000
11635954,1758709278029,buy,4176.400000,1.694000
11635955,1758709278197,buy,4176.400000,0.016000
11635956,1758709279007,sell,4176.300000,0.002000
11635957,1758709279178,sell,4176.300000,0.193000
11635958,1758709279717,buy,4176.340000,10.614000
11635959,1758709279776,buy,4176.400000,0.013000
11635960,1758709280110,buy,4176.400000,0.270000
11635961,1758709280589,sell,4176.300000,0.050000
11635962,1758709281089,sell,4176.300000,1.205000
11635963,1758709281337,sell,4176.300000,0.025000
11635964,1758709282152,sell,4176.300000,0.166000
11635965,1758709282341,buy,4176.400000,0.270000
11635966,1758709282894,sell,4176.300000,0.004000
11635967,1758709283249,buy,4176.400000,0.002000
11635968,1758709283537,sell,4176.310000,1.957000
11635969,1758709283894,buy,4176.400000,0.027000
11635970,1758709284422,buy,4176.400000,0.026000
11635971,1758709284842,sell,4176.300000,2.478000
11635972,1758709284955,buy,4176.400000,0.270000
11635973,1758709284960,sell,4176.370000,5.228000
11635974,1758709285147,sell,4176.300000,0.166000
11635975,1758709285952,sell,4176.300000,0.006000
11635976,1758709286384,buy,4176.400000,0.050000
11635977,1758709286898,buy,4176.400000,0.270000
11635978,1758709287249,sell,4176.340000,3.137000
11635979,1758709287479,sell,4176.300000,0.020000
11635980,1758709287971,buy,4176.400000,23.943000
11635981,1758709288159,sell,4176.300000,0.166000
11635982,1758709288504,buy,4176.330000,5.332000
11635983,1758709289014,buy,4176.400000,0.027000
11635984,1758709289227,sell,4176.300000,0.270000
11635985,1758709289453,sell,4176.300000,0.027000
11635986,1758709290566,sell,4176.300000,0.011000
11635987,1758709291148,sell,4176.300000,0.166000
11635988,1758709291302,sell,4176.300000,0.270000
11635989,1758709291435,sell,4176.300000,16.268000
11635990,1758709292181,sell,4176.300000,0.018000
11635991,1758709292346,sell,4176.300000,0.358000
11635992,1758709293120,buy,4176.400000,0.028000
11635993,1758709293228,sell,4176.300000,0.270000
11635994,1758709293744,buy,4176.400000,0.012000
11635995,1758709294183,sell,4176.300000,0.166000
11635996,1758709294378,buy,4176.300000,4.534000
11635997,1758709294640,sell,4176.300000,4.571000
11635998,1758709294664,sell,4176.200000,0.300000
11635999,1758709294855,sell,4176.300000,0.772000
11636000,1758709294858,sell,4176.100000,0.291000
11636001,1758709294858,sell,4176.000000,2.121000
11636002,1758709295132,sell,4176.300000,0.540000
11636003,1758709295163,sell,4176.000000,5.477000
11636004,1758709295180,sell,4176.300000,0.300000
11636005,1758709295182,sell,4176.100000,0.240000
11636006,1758709295182,sell,4176.000000,3.220000
11636007,1758709295222,buy,4176.100000,0.007000
11636008,1758709295790,sell,4176.000000,23.943000
11636009,1758709296258,buy,4176.030000,13.229000
11636010,1758709296625,sell,4176.000000,0.051000
11636011,1758709297015,sell,4176.000000,3.734000
11636012,1758709297160,sell,4176.000000,0.505000
11636013,1758709297893,sell,4176.000000,16.143000
11636014,1758709298127,sell,4176.000000,18.200000
11636015,1758709298233,sell,4176.000000,4.467000
11636016,1758709298336,sell,4176.000000,0.008000
11636017,1758709298539,sell,4176.000000,0.011000
11636018,1758709298725,sell,4176.000000,0.028000
11636019,1758709299296,sell,4176.000000,2.117000
11636020,1758709299513,sell,4176.000000,8.609000
11636021,1758709299641,sell,4176.000000,10.720000
11636022,1758709299771,sell,4176.050000,9.934000
11636023,1758709299775,sell,4176.000000,9.609000
11636024,1758709300065,sell,4176.000000,5.693000
11636025,1758709300070,buy,4176.100000,0.028000
11636026,1758709300194,sell,4176.000000,0.166000
11636027,1758709300270,buy,4176.100000,0.076000
11636028,1758709300372,sell,4176.000000,5.124000
11636029,1758709300653,sell,4176.000000,0.020000
11636030,1758709300899,buy,4176.100000,0.008000
11636031,1758709300972,sell,4176.000000,0.155000
11636032,1758709301070,buy,4176.000000,5.798000
11636033,1758709301326,buy,4176.100000,0.068000
11636034,1758709301373,sell,4176.000000,0.230000
11636035,1758709301527,sell,4176.000000,0.021000
11636036,1758709301631,sell,4176.000000,0.372000
11636037,1758709302399,sell,4176.000000,0.263000
11636038,1758709303165,sell,4176.000000,0.166000
11636039,1758709303207,sell,4176.040000,23.606000
11636040,1758709303231,sell,4176.000000,0.020000
11636041,1758709303399,sell,4176.000000,0.113000
11636042,1758709303729,sell,4176.000000,0.270000
11636043,1758709303926,sell,4176.000000,13.374000
11636044,1758709304051,buy,4176.100000,23.944000
11636045,1758709304276,sell,4176.000000,0.218000
11636046,1758709304436,sell,4176.000000,0.026000
11636047,1758709304747,buy,4176.100000,0.012000
11636048,1758709305454,buy,4176.100000,0.067000
11636049,1758709306147,sell,4176.000000,0.436000
11636050,1758709306279,buy,4176.100000,0.018000
11636051,1758709306575,buy,4176.080000,17.134000
11636052,1758709307807,sell,4176.000000,0.025000
11636053,1758709307995,buy,4176.100000,0.027000
11636054,1758709308254,sell,4176.000000,0.270000
11636055,1758709309147,sell,4176.000000,0.168000
11636056,1758709309204,buy,4176.060000,31.019000
11636057,1758709309332,sell,4176.000000,0.005000
11636058,1758709310325,sell,4176.000000,0.270000
11636059,1758709310884,buy,4176.100000,0.005000
11636060,1758709311113,sell,4176.000000,0.050000
11636061,1758709311478,sell,4176.000000,0.067000
11636062,1758709311555,buy,4176.100000,0.002000
11636063,1758709311663,sell,4176.000000,0.027000
11636064,1758709312061,sell,4176.000000,24.110000
11636065,1758709312471,buy,4176.100000,0.024000
11636066,1758709312521,sell,4176.000000,0.270000
11636067,1758709312800,sell,4176.040000,25.990000
11636068,1758709313341,sell,4176.000000,14.479000
11636069,1758709313464,buy,4176.100000,0.002000
11636070,1758709314027,sell,4176.000000,0.029000
11636071,1758709314434,sell,4176.000000,0.270000
11636072,1758709315067,buy,4176.100000,0.067000
11636073,1758709315149,sell,4176.000000,0.166000
11636074,1758709315576,buy,4176.100000,0.012000
11636075,1758709316367,sell,4176.000000,0.270000
11636076,1758709316574,buy,4176.100000,0.077000
11636077,1758709316785,buy,4176.090000,27.158000
11636078,1758709317098,buy,4176.100000,0.011000
11636079,1758709318070,buy,4176.100000,1.135000
11636080,1758709318155,sell,4176.000000,0.166000
11636081,1758709318290,sell,4176.000000,0.270000
11636082,1758709318535,sell,4176.000000,0.082000
11636083,1758709318910,buy,4176.100000,23.945000
11636084,1758709319479,buy,4176.100000,0.119000
11636085,1758709320150,sell,4176.000000,0.008000
11636086,1758709320405,buy,4176.100000,0.270000
11636087,1758709320443,sell,4176.070000,8.846000
11636088,1758709320842,sell,4176.000000,0.027000
11636089,1758709321171,sell,4176.000000,0.166000
11636090,1758709321695,buy,4176.100000,0.028000
11636091,1758709321803,sell,4176.030000,7.438000
11636092,1758709322116,buy,4176.100000,0.598000
11636093,1758709322349,buy,4176.100000,0.270000
11636094,1758709322412,sell,4176.000000,0.020000
11636095,1758709322961,buy,4176.100000,3.599000
11636096,1758709323066,sell,4176.000000,0.002000
11636097,1758709323248,sell,4176.000000,0.010000
11636098,1758709323249,sell,4176.070000,6.324000
11636099,1758709323256,buy,4176.100000,0.202000
11636100,1758709324165,sell,4176.000000,3.429000
11636101,1758709324282,buy,4176.100000,0.270000
11636102,1758709324451,buy,4176.100000,0.670000
11636103,1758709324542,sell,4176.000000,174.002000
11636104,1758709324591,sell,4175.900000,0.649000
11636105,1758709324826,sell,4175.800000,0.017000
11636106,1758709324826,sell,4175.700000,0.001000
11636107,1758709325020,sell,4175.700000,0.239000
11636108,1758709325065,sell,4175.710000,5.740000
11636109,1758709325175,sell,4175.700000,0.023000
11636110,1758709325536,buy,4175.800000,0.087000
11636111,1758709325782,sell,4175.700000,0.322000
11636112,1758709325800,buy,4175.800000,0.025000
11636113,1758709326187,sell,4175.700000,0.023000
11636114,1758709326344,buy,4175.800000,0.016000
11636115,1758709326521,buy,4175.750000,31.653000
11636116,1758709326619,buy,4175.800000,0.270000
11636117,1758709327151,sell,4175.700000,0.186000
11636118,1758709327586,buy,4175.800000,0.025000
11636119,1758709327875,sell,4175.700000,0.005000
11636120,1758709328303,buy,4175.800000,6.885000
11636121,1758709328540,buy,4175.800000,0.270000
11636122,1758709328662,sell,4175.700000,1.056000
11636123,1758709328687,sell,4175.600000,14.911000
11636124,1758709328687,sell,4175.500000,8.028000
11636125,1758709328756,buy,4175.600000,0.004000
11636126,1758709328814,sell,4175.500000,1.424000
11636127,1758709329097,sell,4175.500000,0.025000
11636128,1758709329406,sell,4175.500000,0.011000
11636129,1758709329901,sell,4175.530000,18.598000
11636130,1758709329948,sell,4175.500000,0.791000
11636131,1758709330239,sell,4175.500000,0.061000
11636132,1758709330352,sell,4175.500000,0.166000
11636133,1758709330391,buy,4175.600000,0.500000
11636134,1758709330594,buy,4175.600000,0.270000
11636135,1758709330953,buy,4175.600000,0.026000
11636136,1758709331532,sell,4175.500000,1.099000
11636137,1758709331532,sell,4175.300000,0.354000
11636138,1758709331532,sell,4175.200000,2.212000
11636139,1758709331532,sell,4175.100000,0.035000
11636140,1758709331532,sell,4175.000000,7.778000
11636141,1758709331533,buy,4175.600000,1.217000
11636142,1758709331734,sell,4175.170000,17.672000
11636143,1758709332668,buy,4175.100000,0.270000
11636144,1758709332693,sell,4175.000000,7.187000
11636145,1758709332694,sell,4174.900000,0.353000
11636146,1758709332694,sell,4174.800000,2.168000
11636147,1758709332694,sell,4174.700000,0.292000
11636148,1758709332773,sell,4174.800000,0.026000
11636149,1758709332944,sell,4174.800000,0.010000
11636150,1758709333098,buy,4174.900000,0.144000
11636151,1758709333176,sell,4174.800000,0.166000
11636152,1758709333718,buy,4174.900000,0.050000
11636153,1758709334550,sell,4174.800000,0.016000
11636154,1758709334597,buy,4174.900000,0.270000
11636155,1758709334885,sell,4174.800000,0.002000
11636156,1758709335105,buy,4174.860000,12.605000
11636157,1758709335153,sell,4174.800000,0.020000
11636158,1758709336056,buy,4174.900000,23.958000
11636159,1758709336171,sell,4174.800000,0.166000
11636160,1758709336365,sell,4174.800000,0.020000
11636161,1758709336667,buy,4174.900000,0.270000
11636162,1758709337038,buy,4174.900000,0.026000
11636163,1758709337283,buy,4174.900000,0.036000
11636164,1758709337649,buy,4174.900000,0.005000
11636165,1758709337776,sell,4174.800000,1.135000
11636166,1758709337791,sell,4174.860000,24.744000
11636167,1758709338643,buy,4174.900000,0.270000
11636168,1758709339170,sell,4174.800000,0.183000
11636169,1758709339497,buy,4174.900000,0.002000
11636170,1758709340449,buy,4174.900000,0.405000
11636171,1758709340578,buy,4174.900000,0.270000
11636172,1758709340702,buy,4174.900000,0.022000
11636173,1758709340716,sell,4174.800000,0.050000
11636174,1758709340945,buy,4174.840000,17.630000
11636175,1758709341007,sell,4174.800000,0.030000
11636176,1758709342149,sell,4174.800000,0.295000
11636177,1758709342279,sell,4174.800000,0.012000
11636178,1758709342789,buy,4174.900000,0.270000
11636179,1758709342871,sell,4174.800000,23.946000
11636180,1758709343848,sell,4174.800000,0.010000
11636181,1758709344103,buy,4174.900000,0.910000
11636182,1758709344480,buy,4174.900000,0.030000
11636183,1758709344722,buy,4174.900000,0.270000
11636184,1758709344731,buy,4174.820000,13.079000
11636185,1758709345187,sell,4174.800000,0.166000
11636186,1758709345371,buy,4174.900000,0.009000
11636187,1758709345781,buy,4174.900000,0.050000
11636188,1758709346855,sell,4174.800000,0.023000
11636189,1758709346898,buy,4174.900000,0.006000
11636190,1758709347194,buy,4174.900000,0.270000
11636191,1758709347276,sell,4174.800000,0.002000
11636192,1758709347450,sell,4174.800000,0.239000
11636193,1758709348150,sell,4174.800000,0.166000
11636194,1758709348328,sell,4174.850000,13.004000
11636195,1758709348422,sell,4174.800000,0.012000
11636196,1758709349421,sell,4174.800000,0.021000
11636197,1758709349426,buy,4174.900000,0.270000
11636198,1758709349699,buy,4174.830000,6.387000
11636199,1758709349945,sell,4174.800000,0.003000
11636200,1758709350331,sell,4174.800000,0.020000
11636201,1758709350499,sell,4174.800000,0.027000
11636202,1758709351150,sell,4174.800000,0.166000
11636203,1758709351504,buy,4174.900000,0.005000
11636204,1758709351701,sell,4174.800000,0.270000
11636205,1758709351733,sell,4174.880000,11.163000
11636206,1758709352169,buy,4174.900000,10.000000
11636207,1758709352942,buy,4174.900000,0.244000
11636208,1758709353328,buy,4174.900000,0.010000
11636209,1758709353626,sell,4174.800000,0.270000
11636210,1758709354001,buy,4174.830000,16.261000
11636211,1758709354173,sell,4174.800000,0.166000
11636212,1758709354922,sell,4174.800000,0.003000
11636213,1758709355557,sell,4174.800000,10.592000
11636214,1758709356051,buy,4174.900000,0.119000
11636215,1758709356518,sell,4174.800000,0.010000
11636216,1758709356866,buy,4174.800000,22.657000
11636217,1758709357150,sell,4174.800000,0.166000
11636218,1758709357229,buy,4174.900000,0.027000
11636219,1758709357646,sell,4174.800000,0.270000
11636220,1758709358300,buy,4174.900000,0.125000
11636221,1758709358547,sell,4174.800000,0.002000
11636222,1758709358850,sell,4174.800000,4.310000
11636223,1758709359457,sell,4174.800000,0.011000
11636224,1758709359823,buy,4174.900000,0.011000
11636225,1758709359854,sell,4174.800000,0.270000
11636226,1758709360183,sell,4174.800000,0.166000
11636227,1758709360218,sell,4174.880000,11.059000
11636228,1758709360958,sell,4174.800000,0.050000
11636229,1758709361348,sell,4174.800000,0.017000
11636230,1758709361643,buy,4174.900000,0.119000
11636231,1758709361750,sell,4174.810000,11.323000
11636232,1758709361946,sell,4174.800000,0.270000
11636233,1758709362296,buy,4174.900000,0.023000
11636234,1758709362548,buy,4174.900000,0.002000
11636235,1758709362887,buy,4174.900000,0.014000
11636236,1758709363158,sell,4174.800000,0.166000
11636237,1758709363874,sell,4174.800000,0.270000
11636238,1758709364088,sell,4174.860000,12.677000
11636239,1758709364219,sell,4174.800000,0.239000
11636240,1758709364482,sell,4174.800000,0.006000
11636241,1758709365234,sell,4174.800000,0.028000
11636242,1758709365793,sell,4174.800000,0.270000
11636243,1758709365835,buy,4174.900000,19.154000
11636244,1758709366031,sell,4174.800000,0.008000
11636245,1758709366148,sell,4174.800000,0.166000
11636246,1758709366242,buy,4174.900000,0.050000
11636247,1758709367587,buy,4174.900000,0.015000
11636248,1758709367625,buy,4174.820000,15.415000
11636249,1758709367989,sell,4174.800000,0.270000
11636250,1758709368863,buy,4174.900000,0.028000
11636251,1758709368983,buy,4174.900000,1.675000
11636252,1758709369115,buy,4174.900000,0.015000
11636253,1758709369159,sell,4174.800000,0.166000
11636254,1758709369781,sell,4174.800000,0.002000
11636255,1758709370060,sell,4174.800000,0.270000
11636256,1758709370069,sell,4174.890000,22.686000
11636257,1758709370654,sell,4174.800000,0.014000
11636258,1758709370863,sell,4174.800000,4.684000
11636259,1758709372022,sell,4174.800000,0.153000
11636260,1758709372022,sell,4174.700000,7.969000
11636261,1758709372022,buy,4174.900000,0.627000
11636262,1758709372147,sell,4174.700000,0.182000
11636263,1758709372271,sell,4174.700000,0.270000
11636264,1758709372731,sell,4174.700000,0.050000
11636265,1758709372920,sell,4174.700000,0.924000
11636266,1758709373420,sell,4174.700000,0.020000
11636267,1758709373748,buy,4174.800000,0.015000
11636268,1758709373956,buy,4174.770000,16.567000
11636269,1758709373997,sell,4174.700000,0.020000
11636270,1758709374202,buy,4174.800000,0.002000
11636271,1758709374467,sell,4174.700000,0.270000
11636272,1758709374720,sell,4174.700000,0.690000
11636273,1758709374807,buy,4174.800000,0.011000
11636274,1758709375023,sell,4174.700000,18.920000
11636275,1758709375069,sell,4174.600000,4.273000
11636276,1758709375069,sell,4174.500000,0.330000
11636277,1758709375069,sell,4174.400000,1.954000
11636278,1758709375069,sell,4174.300000,0.288000
11636279,1758709375069,sell,4174.200000,4.646000
11636280,1758709375069,sell,4174.100000,0.059000
11636281,1758709375069,sell,4174.000000,12.709000
11636282,1758709375070,sell,4173.900000,0.005000
11636283,1758709375147,sell,4173.800000,0.153000
11636284,1758709375147,sell,4173.700000,0.013000
11636285,1758709375329,buy,4173.800000,0.015000
11636286,1758709375695,buy,4173.800000,18.000000
11636287,1758709376021,sell,4173.700000,0.052000
11636288,1758709376021,sell,4173.600000,0.143000
11636289,1758709376021,sell,4173.500000,1.148000
11636290,1758709376021,sell,4173.400000,0.615000
11636291,1758709376021,sell,4173.300000,3.785000
11636292,1758709376262,sell,4173.300000,0.023000
11636293,1758709376396,sell,4173.300000,0.270000
11636294,1758709377017,buy,4173.400000,6.893000
11636295,1758709377120,buy,4173.400000,0.030000
11636296,1758709377366,sell,4173.300000,0.030000
11636297,1758709377376,buy,4173.360000,14.338000
11636298,1758709378035,sell,4173.300000,2.521000
11636299,1758709378035,sell,4173.200000,6.406000
11636300,1758709378148,sell,4173.200000,0.166000
11636301,1758709378466,sell,4173.200000,0.320000
11636302,1758709378779,sell,4173.200000,0.020000
11636303,1758709379010,sell,4173.200000,0.005000
11636304,1758709379144,buy,4173.300000,0.003000
11636305,1758709379333,buy,4173.300000,0.321000
11636306,1758709380519,sell,4173.280000,13.270000
11636307,1758709380540,sell,4173.200000,0.270000
11636308,1758709380573,buy,4173.300000,2.350000
11636309,1758709380731,buy,4173.300000,0.239000
11636310,1758709381172,sell,4173.200000,0.168000
11636311,1758709381417,buy,4173.300000,0.005000
11636312,1758709381702,sell,4173.200000,0.032000
11636313,1758709382196,sell,4173.200000,0.009000
11636314,1758709382830,buy,4173.300000,0.010000
11636315,1758709382970,buy,4173.300000,0.537000
11636316,1758709383768,buy,4173.300000,0.008000
11636317,1758709384162,sell,4173.200000,0.166000
11636318,1758709384262,buy,4173.290000,10.009000
11636319,1758709384508,buy,4173.300000,0.050000
11636320,1758709384890,buy,4173.300000,0.275000
11636321,1758709385323,buy,4173.300000,0.008000
11636322,1758709385552,sell,4173.200000,0.005000
11636323,1758709385727,buy,4173.300000,0.032000
11636324,1758709386618,buy,4173.300000,5.440000
11636325,1758709386782,buy,4173.300000,0.800000
11636326,1758709386861,sell,4173.200000,0.016000
11636327,1758709387091,sell,4173.250000,13.655000
11636328,1758709387149,sell,4173.200000,0.166000
11636329,1758709387602,sell,4173.200000,1.807000
11636330,1758709387630,buy,4173.300000,0.002000
11636331,1758709388396,buy,4173.300000,0.029000
11636332,1758709389304,buy,4173.300000,0.270000
11636333,1758709389348,buy,4173.280000,4.558000
11636334,1758709389447,sell,4173.200000,0.029000
11636335,1758709389927,sell,4173.200000,0.005000
11636336,1758709390146,sell,4173.200000,0.166000
11636337,1758709390624,buy,4173.220000,16.905000
11636338,1758709391164,buy,4173.300000,27.135000
11636339,1758709391258,sell,4173.200000,0.050000
11636340,1758709391456,sell,4173.200000,0.024000
11636341,1758709393000,buy,4173.300000,0.008000
11636342,1758709393114,buy,4173.300000,0.900000
11636343,1758709393157,sell,4173.300000,0.166000
11636344,1758709393163,buy,4173.400000,0.742000
11636345,1758709393290,buy,4173.500000,0.270000
11636346,1758709393412,buy,4173.500000,32.949000
11636347,1758709393570,sell,4173.430000,24.837000
11636348,1758709393687,buy,4173.500000,1.757000
11636349,1758709394004,buy,4173.500000,0.016000
11636350,1758709394301,sell,4173.400000,0.530000
11636351,1758709394461,buy,4173.500000,0.010000
11636352,1758709394588,buy,4173.500000,0.014000
11636353,1758709395379,buy,4173.500000,0.270000
11636354,1758709395992,sell,4173.400000,0.144000
11636355,1758709396159,sell,4173.400000,0.173000
11636356,1758709396712,buy,4173.430000,6.723000
11636357,1758709396796,buy,4173.500000,0.050000
11636358,1758709397100,sell,4173.400000,19.169000
11636359,1758709397463,buy,4173.500000,0.270000
11636360,1758709397734,sell,4173.400000,0.025000
11636361,1758709397965,sell,4173.400000,0.015000
11636362,1758709398114,buy,4173.480000,13.518000
11636363,1758709398644,sell,4173.400000,11.195000
11636364,1758709398770,buy,4173.500000,0.003000
11636365,1758709399036,sell,4173.400000,0.003000
11636366,1758709399116,buy,4173.500000,3.806000
11636367,1758709399147,sell,4173.400000,0.166000
11636368,1758709399192,buy,4173.500000,2.302000
11636369,1758709399526,buy,4173.500000,1.129000
11636370,1758709399832,sell,4173.400000,4.600000
11636371,1758709400126,buy,4173.500000,0.017000
11636372,1758709400159,sell,4173.400000,3.000000
11636373,1758709400525,buy,4173.500000,1.000000
11636374,1758709400662,buy,4173.500000,2.328000
11636375,1758709401054,sell,4173.400000,0.005000
11636376,1758709401137,sell,4173.490000,10.675000
11636377,1758709401728,buy,4173.500000,0.295000
11636378,1758709402170,sell,4173.400000,0.166000
11636379,1758709402577,sell,4173.400000,0.022000
11636380,1758709403668,buy,4173.450000,12.695000
11636381,1758709403736,sell,4173.400000,0.236000
11636382,1758709403805,buy,4173.500000,0.270000
11636383,1758709404103,buy,4173.500000,3.018000
11636384,1758709405171,sell,4173.400000,0.166000
11636385,1758709405623,sell,4173.400000,0.013000
11636386,1758709405658,buy,4173.500000,0.047000
11636387,1758709405788,sell,4173.460000,7.617000
11636388,1758709406010,buy,4173.500000,0.270000
11636389,1758709406834,sell,4173.480000,4.590000
11636390,1758709406917,sell,4173.400000,0.019000
11636391,1758709407157,sell,4173.400000,0.005000
11636392,1758709407820,sell,4173.400000,0.050000
11636393,1758709408069,buy,4173.500000,0.270000
11636394,1758709408134,buy,4173.440000,25.768000
11636395,1758709408147,sell,4173.400000,0.166000
11636396,1758709408307,sell,4173.400000,10.000000
11636397,1758709408702,buy,4173.500000,0.248000
11636398,1758709409949,buy,4173.500000,0.494000
11636399,1758709410237,sell,4173.400000,0.005000
11636400,1758709410464,buy,4173.500000,0.019000
11636401,1758709410607,sell,4173.400000,1.222000
11636402,1758709410678,buy,4173.500000,0.270000
11636403,1758709411053,buy,4173.500000,1.913000
11636404,1758709411151,sell,4173.400000,0.166000
11636405,1758709411268,buy,4173.500000,9.584000
11636406,1758709411682,sell,4173.400000,0.006000
11636407,1758709411859,sell,4173.400000,19.169000
11636408,1758709412139,sell,4173.420000,13.152000
11636409,1758709412736,buy,4173.500000,0.270000
11636410,1758709413223,buy,4173.500000,16.863000
11636411,1758709413332,buy,4173.500000,0.021000
11636412,1758709413481,buy,4173.500000,4.872000
11636413,1758709414171,sell,4173.400000,0.166000
11636414,1758709414834,sell,4173.400000,0.297000
11636415,1758709415085,sell,4173.460000,11.938000
11636416,1758709415105,sell,4173.400000,0.013000
11636417,1758709416547,buy,4173.500000,0.002000
11636418,1758709416605,sell,4173.400000,0.018000
11636419,1758709417051,sell,4173.400000,0.270000
11636420,1758709417174,sell,4173.400000,0.166000
11636421,1758709417342,buy,4173.420000,11.668000
11636422,1758709418240,buy,4173.500000,0.010000
11636423,1758709419118,sell,4173.400000,0.270000
11636424,1758709419485,sell,4173.410000,12.569000
11636425,1758709419767,sell,4173.400000,0.003000
11636426,1758709420000,sell,4173.400000,0.494000
11636427,1758709420148,sell,4173.400000,0.166000
11636428,1758709420296,buy,4173.500000,0.027000
