id,unix_timestamp_ms,side,price,quantity
29471376,1758739021519,sell,113644.600000,0.012000
29471377,1758739021568,buy,113644.700000,0.123000
29471378,1758739021835,sell,113644.600000,0.337000
29471379,1758739022065,sell,113644.600000,0.010000
29471380,1758739022357,buy,113644.700000,0.200000
29471381,1758739022548,sell,113644.600000,0.005000
29471382,1758739022549,buy,113644.700000,0.010000
29471383,1758739023175,buy,113644.700000,0.004000
29471384,1758739023198,buy,113644.700000,0.009000
29471385,1758739023385,sell,113644.600000,0.008000
29471386,1758739023805,sell,113644.600000,0.003000
29471387,1758739023899,buy,113644.700000,0.202000
29471388,1758739023949,sell,113644.600000,0.036000
29471389,1758739024041,sell,113644.600000,0.330000
29471390,1758739024139,buy,113644.700000,0.003000
29471391,1758739024194,sell,113644.600000,0.010000
29471392,1758739024312,sell,113644.600000,0.021000
29471393,1758739024765,buy,113644.700000,0.011000
29471394,1758739024894,buy,113644.700000,0.012000
29471395,1758739024985,sell,113644.600000,0.003000
29471396,1758739025215,buy,113644.700000,0.023000
29471397,1758739025319,buy,113644.700000,0.003000
29471398,1758739025438,buy,113644.700000,0.015000
29471399,1758739025538,sell,113644.600000,0.036000
29471400,1758739025575,buy,113644.700000,0.010000
29471401,1758739025579,sell,113644.600000,0.073000
29471402,1758739025610,sell,113644.600000,0.050000
29471403,1758739025739,buy,113644.700000,0.005000
29471404,1758739026150,sell,113644.600000,0.010000
29471405,1758739026430,buy,113644.700000,0.017000
29471406,1758739026513,sell,113644.600000,0.692000
29471407,1758739026648,sell,113644.600000,0.011000
29471408,1758739026717,sell,113644.600000,0.001000
29471409,1758739026727,buy,113644.700000,0.050000
29471410,1758739026727,buy,113644.600000,0.316000
29471411,1758739026779,sell,113644.600000,0.137000
29471412,1758739027013,sell,113644.600000,0.008000
29471413,1758739027376,buy,113644.700000,0.021000
29471414,1758739027465,sell,113644.600000,0.010000
29471415,1758739027467,buy,113644.700000,3.977000
29471416,1758739027467,buy,113644.700000,0.292000
29471417,1758739027467,buy,113644.700000,0.001000
29471418,1758739027467,buy,113644.700000,0.001000
29471419,1758739027467,buy,113644.700000,0.001000
29471420,1758739027467,buy,113644.700000,0.001000
29471421,1758739027467,buy,113644.700000,0.727000
29471422,1758739027510,buy,113644.700000,0.053000
29471423,1758739027544,sell,113644.600000,1.000000
29471424,1758739028425,sell,113644.600000,0.010000
29471425,1758739028548,buy,113644.700000,0.010000
29471426,1758739028864,sell,113644.600000,0.201000
29471427,1758739029286,buy,113644.700000,0.044000
29471428,1758739029300,buy,113644.700000,0.044000
29471429,1758739029448,buy,113644.700000,0.835000
29471430,1758739029458,buy,113644.700000,0.002000
29471431,1758739029486,sell,113644.600000,0.003000
29471432,1758739029534,sell,113644.600000,0.003000
29471433,1758739029550,buy,113644.700000,0.439000
29471434,1758739029770,sell,113644.600000,0.053000
29471435,1758739029887,sell,113644.600000,0.174000
29471436,1758739029990,buy,113644.700000,0.001000
29471437,1758739029990,buy,113644.700000,0.009000
29471438,1758739030037,buy,113644.700000,0.003000
29471439,1758739030234,buy,113644.700000,0.029000
29471440,1758739030262,buy,113644.700000,0.010000
29471441,1758739030456,buy,113644.700000,0.439000
29471442,1758739030476,buy,113644.600000,0.351000
29471443,1758739030533,sell,113644.600000,0.010000
29471444,1758739030756,buy,113644.700000,0.034000
29471445,1758739030921,sell,113644.600000,0.009000
29471446,1758739031059,buy,113644.700000,0.001000
29471447,1758739031062,sell,113644.600000,0.023000
29471448,1758739031168,sell,113644.600000,0.087000
29471449,1758739031553,buy,113644.700000,0.010000
29471450,1758739031645,sell,113644.600000,0.004000
29471451,1758739031796,sell,113644.600000,0.010000
29471452,1758739032284,sell,113644.600000,0.003000
29471453,1758739032487,sell,113644.600000,0.005000
29471454,1758739032615,buy,113644.700000,0.100000
29471455,1758739032632,sell,113644.600000,0.010000
29471456,1758739032652,buy,113644.700000,0.003000
29471457,1758739032741,buy,113644.700000,0.007000
29471458,1758739032774,sell,113644.600000,0.439000
29471459,1758739033189,sell,113644.600000,0.107000
29471460,1758739033354,buy,113644.700000,0.015000
29471461,1758739033957,buy,113644.700000,0.013000
29471462,1758739034098,sell,113644.600000,0.019000
29471463,1758739034167,buy,113644.700000,0.863000
29471464,1758739034456,sell,113644.600000,0.003000
29471465,1758739034531,buy,113644.700000,0.010000
29471466,1758739034714,sell,113644.600000,0.285000
29471467,1758739034724,sell,113644.600000,0.080000
29471468,1758739034825,buy,113644.700000,0.003000
29471469,1758739034919,sell,113644.600000,0.105000
29471470,1758739034947,sell,113644.600000,0.010000
29471471,1758739035066,sell,113644.600000,0.002000
29471472,1758739035462,buy,113644.700000,0.009000
29471473,1758739035653,buy,113644.700000,0.072000
29471474,1758739035948,buy,113644.700000,0.006000
29471475,1758739036276,sell,113644.600000,0.002000
22562790,1758739039900,buy,113644.700000,1.707000
22562791,1758739040004,buy,113644.700000,2.001000
22562792,1758739040190,buy,113644.700000,1.033000
22562793,1758739040540,buy,113644.700000,0.057000
22562794,1758739041068,buy,113644.700000,0.001000
22562795,1758739041129,buy,113644.600000,0.148000
22562796,1758739041279,buy,113644.700000,0.010000
22562797,1758739041394,sell,113644.600000,0.015000
22562798,1758739041533,buy,113644.700000,0.495000
22562799,1758739041694,sell,113644.600000,0.022000
22562800,1758739041814,buy,113644.700000,0.021000
22562801,1758739042178,sell,113644.600000,0.009000
22562802,1758739042304,sell,113644.600000,0.082000
22562803,1758739042357,buy,113644.700000,0.007000
22562804,1758739042467,sell,113644.600000,0.109000
22562805,1758739042485,buy,113644.700000,0.006000
22562806,1758739042715,sell,113644.600000,0.004000
22562807,1758739042734,buy,113644.700000,0.017000
22562808,1758739042897,buy,113644.700000,0.009000
22562809,1758739042953,sell,113644.600000,0.105000
22562810,1758739042973,buy,113644.700000,0.219000
22562811,1758739043127,sell,113644.600000,0.003000
22562812,1758739043290,sell,113644.600000,0.018000
22562813,1758739043361,buy,113644.700000,0.010000
22562814,1758739043512,buy,113644.700000,0.001000
22562815,1758739043614,buy,113644.700000,0.003000
22562816,1758739043636,sell,113644.600000,0.012000
22562817,1758739043838,buy,113644.700000,0.010000
22562818,1758739043891,sell,113644.600000,0.031000
22562819,1758739044170,buy,113644.700000,0.002000
22562820,1758739044269,sell,113644.600000,0.300000
22562821,1758739044423,buy,113644.700000,0.030000
22562822,1758739044583,buy,113644.700000,0.002000
22562823,1758739044811,sell,113644.600000,0.328000
22562824,1758739045050,sell,113644.600000,0.003000
22562825,1758739045227,sell,113644.600000,0.046000
22562826,1758739045312,buy,113644.700000,0.021000
22562827,1758739045479,sell,113644.600000,0.010000
22562828,1758739045529,buy,113644.700000,0.074000
22562829,1758739045598,sell,113644.600000,0.852000
22562830,1758739046155,buy,113644.700000,0.050000
22562831,1758739046467,buy,113644.700000,0.028000
22562832,1758739046591,sell,113644.600000,0.544000
22562833,1758739046688,buy,113644.600000,0.144000
22562834,1758739046702,buy,113644.700000,0.010000
22562835,1758739047222,sell,113644.600000,0.010000
22562836,1758739047365,buy,113644.700000,0.010000
22562837,1758739047639,sell,113644.600000,0.305000
22562838,1758739047916,sell,113644.600000,0.050000
22562839,1758739048313,buy,113644.700000,0.843000
22562840,1758739048439,buy,113644.700000,0.299000
22562841,1758739048452,sell,113644.600000,0.004000
22562842,1758739048626,buy,113644.700000,0.991000
22562843,1758739048734,buy,113644.700000,0.001000
22562844,1758739048748,buy,113644.600000,0.125000
22562845,1758739049008,buy,113644.700000,0.327000
22562846,1758739049110,buy,113644.700000,0.139000
22562847,1758739049243,buy,113644.700000,0.833000
22562848,1758739049320,buy,113644.800000,0.001000
22562849,1758739049320,buy,113644.900000,0.503000
22562850,1758739049323,buy,113645.000000,0.002000
22562851,1758739049323,buy,113645.100000,0.047000
22562852,1758739049323,buy,113645.200000,0.040000
22562853,1758739049323,buy,113645.800000,0.035000
22562854,1758739049323,buy,113646.000000,0.503000
22562855,1758739049334,buy,113646.500000,0.013000
22562856,1758739049334,buy,113647.000000,0.002000
22562857,1758739049334,buy,113648.000000,0.002000
22562858,1758739049334,buy,113649.000000,0.002000
22562859,1758739049334,buy,113650.000000,0.175000
22562860,1758739049408,sell,113644.800000,0.003000
22562861,1758739049463,buy,113644.900000,0.010000
22562862,1758739049463,buy,113645.600000,0.015000
22562863,1758739049464,buy,113650.000000,0.010000
22562864,1758739049612,buy,113650.000000,0.156000
22562865,1758739049721,buy,113650.000000,0.006000
22562866,1758739049741,sell,113649.900000,0.879000
22562867,1758739049741,buy,113650.000000,0.032000
22562868,1758739049756,sell,113649.900000,0.010000
22562869,1758739049802,buy,113650.000000,0.004000
22562870,1758739049803,sell,113649.900000,0.005000
22562871,1758739049888,buy,113650.000000,0.006000
22562872,1758739049927,buy,113650.600000,0.001000
22562873,1758739049927,buy,113652.600000,0.032000
22562874,1758739049927,buy,113652.800000,0.016000
22562875,1758739049927,buy,113653.000000,0.124000
22562876,1758739050035,buy,113653.000000,0.006000
22562877,1758739050154,buy,113653.000000,0.008000
22562878,1758739050156,sell,113652.900000,0.190000
22562879,1758739050211,buy,113653.000000,0.010000
22562880,1758739050315,buy,113653.000000,0.014000
22562881,1758739050416,sell,113652.900000,0.868000
22562882,1758739050620,buy,113653.000000,0.012000
22562883,1758739050702,buy,113653.100000,0.004000
22562884,1758739050726,buy,113653.200000,0.018000
22562885,1758739050726,buy,113653.300000,0.018000
22562886,1758739050726,buy,113653.600000,0.005000
22562887,1758739050726,buy,113653.700000,0.010000
22562888,1758739050726,buy,113654.000000,0.002000
22562889,1758739050726,buy,113654.400000,0.075000
22562890,1758739050893,buy,113653.100000,0.020000
22562891,1758739050961,buy,113654.400000,0.156000
22562892,1758739050961,buy,113654.500000,0.005000
22562893,1758739050961,buy,113654.900000,0.002000
22562894,1758739050961,buy,113655.000000,0.070000
22562895,1758739050988,sell,113654.900000,0.004000
22562896,1758739051031,buy,113655.000000,0.030000
22562897,1758739051031,buy,113655.700000,0.004000
22562898,1758739051031,buy,113656.000000,0.002000
22562899,1758739051031,buy,113656.400000,0.055000
22562900,1758739051031,buy,113656.500000,0.012000
22562901,1758739051031,buy,113656.700000,0.028000
22562902,1758739051213,buy,113656.700000,0.192000
22562903,1758739051213,buy,113656.800000,0.002000
22562904,1758739051213,buy,113657.000000,0.002000
22562905,1758739051213,buy,113657.100000,0.001000
22562906,1758739051213,buy,113657.300000,0.070000
22562907,1758739051213,buy,113657.400000,0.058000
22562908,1758739051213,buy,113657.600000,0.090000
22562909,1758739051213,buy,113657.800000,0.024000
22562910,1758739051213,buy,113658.200000,0.087000
22562911,1758739051344,buy,113658.300000,0.021000
22562912,1758739051440,sell,113658.200000,0.051000
22562913,1758739051579,buy,113658.300000,0.025000
22562914,1758739051716,sell,113658.200000,0.003000
22562915,1758739051733,buy,113658.300000,0.019000
22562916,1758739051804,sell,113658.200000,0.018000
22562917,1758739051877,buy,113658.200000,0.173000
22562918,1758739051889,sell,113658.200000,0.017000
22562919,1758739051954,buy,113658.300000,0.008000
22562920,1758739052151,sell,113658.200000,0.131000
22562921,1758739052218,buy,113658.300000,0.001000
22562922,1758739052400,sell,113658.200000,0.084000
22562923,1758739052483,buy,113658.300000,0.010000
22562924,1758739052614,buy,113658.300000,0.275000
22562925,1758739053277,buy,113658.300000,0.096000
22562926,1758739053449,sell,113658.200000,0.003000
22562927,1758739053555,buy,113658.300000,0.796000
22562928,1758739053713,buy,113658.300000,0.018000
22562929,1758739053812,sell,113658.200000,0.105000
22562930,1758739053846,buy,113658.300000,0.011000
22562931,1758739053849,buy,113658.600000,0.001000
22562932,1758739053849,buy,113659.300000,0.020000
22562933,1758739053888,buy,113659.600000,0.013000
22562934,1758739053888,buy,113660.000000,0.002000
22562935,1758739054068,buy,113660.000000,0.001000
22562936,1758739054182,sell,113659.900000,0.185000
22562937,1758739054202,buy,113660.000000,0.221000
22562938,1758739054871,buy,113660.000000,0.015000
22562939,1758739054893,sell,113659.900000,0.305000
22562940,1758739054937,buy,113660.000000,0.018000
22562941,1758739055178,buy,113660.000000,0.009000
22562942,1758739055363,buy,113660.000000,0.270000
22562943,1758739055469,buy,113660.000000,0.025000
22562944,1758739055705,sell,113659.900000,0.105000
22562945,1758739055917,buy,113660.000000,0.001000
22562946,1758739055955,sell,113659.900000,0.105000
22562947,1758739056064,buy,113660.000000,0.010000
22562948,1758739056064,sell,113659.900000,0.003000
22562949,1758739056210,buy,113659.900000,0.131000
22562950,1758739056286,buy,113660.000000,0.073000
22562951,1758739056287,buy,113660.400000,0.001000
22562952,1758739056287,buy,113660.600000,0.015000
22562953,1758739056398,buy,113660.000000,0.003000
22562954,1758739056453,sell,113659.900000,0.003000
22562955,1758739056532,buy,113660.000000,0.105000
22562956,1758739056787,buy,113660.000000,1.003000
22562957,1758739056936,sell,113659.900000,0.007000
22562958,1758739057177,buy,113660.000000,0.040000
22562959,1758739057177,buy,113660.600000,0.091000
22562960,1758739057449,buy,113660.600000,0.002000
22562961,1758739057449,buy,113661.000000,0.002000
22562962,1758739057449,buy,113661.600000,0.001000
22562963,1758739057490,sell,113661.500000,0.006000
22562964,1758739057596,buy,113661.600000,0.010000
22562965,1758739057725,buy,113661.600000,0.005000
22562966,1758739057899,buy,113661.600000,0.017000
22562967,1758739057900,buy,113661.700000,0.005000
22562968,1758739058012,buy,113661.600000,0.084000
22562969,1758739058153,buy,113661.700000,0.026000
22562970,1758739058161,buy,113662.000000,0.002000
22562971,1758739058161,buy,113662.400000,0.030000
22562972,1758739058161,buy,113662.500000,0.043000
22562973,1758739058161,buy,113662.800000,0.001000
22562974,1758739058161,buy,113663.200000,0.014000
22562975,1758739058161,buy,113663.300000,0.008000
22562976,1758739058161,buy,113663.600000,0.037000
22562977,1758739058161,buy,113663.900000,0.001000
22562978,1758739058161,buy,113664.000000,0.069000
22562979,1758739058162,buy,113664.100000,0.003000
22562980,1758739058162,buy,113664.400000,0.026000
22562981,1758739058162,buy,113664.800000,0.076000
22562982,1758739058162,buy,113665.100000,0.001000
22562983,1758739058162,buy,113665.400000,0.004000
22562984,1758739058162,buy,113665.800000,0.045000
22562985,1758739058162,buy,113665.900000,0.012000
22562986,1758739058162,buy,113666.000000,0.491000
22562987,1758739058279,buy,113666.000000,0.022000
22562988,1758739058431,buy,113666.000000,0.015000
22562989,1758739058705,buy,113666.000000,0.006000
22562990,1758739058799,sell,113665.900000,0.003000
22562991,1758739058950,buy,113666.000000,0.441000
22562992,1758739059045,sell,113665.900000,0.138000
22562993,1758739059265,buy,113666.000000,0.002000
22562994,1758739059459,buy,113666.000000,0.012000
22562995,1758739059872,sell,113665.900000,1.000000
22562996,1758739060171,buy,113665.900000,0.257000
22562997,1758739060218,buy,113666.000000,0.011000
22562998,1758739060645,buy,113666.000000,4.000000
22562999,1758739060647,sell,113665.900000,0.002000
22563000,1758739060856,sell,113665.900000,4.000000
22563001,1758739061096,sell,113665.900000,0.015000
22563002,1758739061465,buy,113666.000000,0.010000
22563003,1758739061484,sell,113665.900000,0.010000
22563004,1758739061863,buy,113666.000000,0.003000
22563005,1758739061889,sell,113665.900000,1.272000
22563006,1758739062203,buy,113666.000000,0.010000
22563007,1758739062267,sell,113665.900000,0.003000
22563008,1758739062489,buy,113666.000000,0.006000
22563009,1758739062601,buy,113666.000000,0.123000
22563010,1758739062892,sell,113665.900000,0.332000
22563011,1758739062939,buy,113666.000000,0.145000
22563012,1758739063170,buy,113666.000000,0.001000
22563013,1758739063191,sell,113665.900000,0.370000
22563014,1758739063642,buy,113666.000000,0.230000
22563015,1758739063658,sell,113665.900000,0.436000
22563016,1758739063694,buy,113666.000000,1.592000
22563017,1758739063817,buy,113666.000000,0.007000
22563018,1758739064171,buy,113666.000000,0.015000
22563019,1758739064463,buy,113666.000000,0.010000
22563020,1758739064571,buy,113666.000000,0.010000
22563021,1758739065311,sell,113665.900000,0.059000
22563022,1758739065453,buy,113666.000000,0.004000
22563023,1758739065915,sell,113665.900000,0.159000
22563024,1758739066266,buy,113666.000000,0.002000
22563025,1758739066566,sell,113665.900000,0.490000
22563026,1758739066591,buy,113666.000000,0.010000
22563027,1758739066649,sell,113665.900000,0.189000
22563028,1758739066665,buy,113665.900000,0.360000
22563029,1758739066717,sell,113665.900000,0.003000
22563030,1758739066900,buy,113666.000000,0.067000
22563031,1758739067072,buy,113666.000000,0.003000
22563032,1758739067188,buy,113666.000000,0.009000
22563033,1758739067481,buy,113666.000000,0.069000
22563034,1758739068483,buy,113666.000000,0.105000
22563035,1758739068597,buy,113666.000000,0.010000
22563036,1758739068702,buy,113666.000000,0.105000
22563037,1758739068891,sell,113665.900000,0.009000
22563038,1758739068891,buy,113666.000000,0.054000
22563039,1758739069190,buy,113666.000000,1.500000
22563040,1758739069273,buy,113665.900000,0.111000
22563041,1758739069337,sell,113665.900000,0.003000
22563042,1758739069593,buy,113666.000000,0.017000
22563043,1758739069811,buy,113666.000000,0.004000
22563044,1758739070085,sell,113665.900000,0.030000
22563045,1758739070129,buy,113666.000000,0.005000
22563046,1758739070165,sell,113665.900000,0.034000
22563047,1758739070468,buy,113666.000000,0.057000
22563048,1758739070554,sell,113665.900000,0.080000
22563049,1758739070662,sell,113665.900000,0.006000
22563050,1758739070675,buy,113666.000000,0.004000
22563051,1758739070713,sell,113665.900000,0.141000
22563052,1758739070839,sell,113665.900000,0.001000
22563053,1758739071034,sell,113665.900000,0.016000
22563054,1758739071386,sell,113665.900000,0.019000
22563055,1758739071514,buy,113666.000000,0.105000
22563056,1758739072032,sell,113665.900000,0.214000
22563057,1758739072487,buy,113666.000000,0.006000
22563058,1758739072541,sell,113665.900000,0.014000
22563059,1758739072761,sell,113665.900000,0.010000
22563060,1758739072939,sell,113665.900000,0.003000
22563061,1758739073276,buy,113666.000000,0.003000
22563062,1758739073380,sell,113665.900000,0.285000
22563063,1758739073462,buy,113666.000000,0.010000
22563064,1758739073585,buy,113666.000000,0.047000
22563065,1758739073897,buy,113665.900000,0.258000
22563066,1758739073972,buy,113666.000000,0.017000
22563067,1758739074186,buy,113666.000000,4.678000
22563068,1758739074831,buy,113666.000000,0.175000
22563069,1758739074988,sell,113665.900000,0.014000
22563070,1758739075144,sell,113665.900000,0.004000
22563071,1758739075651,buy,113666.000000,0.016000
22563072,1758739075769,buy,113666.000000,0.010000
22563073,1758739075957,buy,113666.000000,0.001000
22563074,1758739076439,sell,113665.900000,0.088000
22563075,1758739076466,buy,113666.000000,0.010000
22563076,1758739077191,sell,113665.900000,0.004000
22563077,1758739077377,sell,113665.900000,0.010000
22563078,1758739077457,buy,113666.000000,0.003000
22563079,1758739077490,sell,113665.900000,0.006000
22563080,1758739077590,buy,113666.000000,0.003000
22563081,1758739077739,buy,113666.000000,0.099000
22563082,1758739077846,buy,113665.900000,0.186000
22563083,1758739077993,sell,113665.900000,0.006000
22563084,1758739078734,buy,113666.000000,0.105000
22563085,1758739079309,sell,113665.900000,0.104000
22563086,1758739079452,buy,113666.000000,0.010000
22563087,1758739079514,sell,113665.900000,0.011000
22563088,1758739079680,buy,113666.000000,0.003000
22563089,1758739079760,sell,113665.900000,0.085000
22563090,1758739080023,buy,113666.000000,0.007000
22563091,1758739080291,sell,113665.900000,0.003000
22563092,1758739080630,sell,113665.900000,0.065000
22563093,1758739080777,sell,113665.900000,0.012000
22563094,1758739081572,sell,113665.900000,0.010000
22563095,1758739081582,buy,113666.000000,0.006000
22563096,1758739081819,buy,113666.000000,0.044000
22563097,1758739081900,sell,113665.900000,0.239000
22563098,1758739082444,sell,113665.900000,0.018000
22563099,1758739082467,buy,113666.000000,0.010000
22563100,1758739082652,sell,113665.900000,0.020000
22563101,1758739082772,buy,113666.000000,0.001000
22563102,1758739083123,buy,113666.000000,0.023000
22563103,1758739083617,sell,113665.900000,0.023000
22563104,1758739083824,sell,113665.900000,0.062000
22563105,1758739084233,buy,113665.900000,0.218000
22563106,1758739084303,buy,113666.000000,0.336000
22563107,1758739084896,sell,113665.900000,0.003000
22563108,1758739085232,buy,113666.000000,0.003000
22563109,1758739085471,buy,113666.000000,0.010000
22563110,1758739085727,sell,113665.900000,0.003000
22563111,1758739085918,sell,113665.900000,0.010000
22563112,1758739086066,buy,113666.000000,0.065000
22563113,1758739086470,buy,113666.000000,0.100000
22563114,1758739087112,sell,113665.900000,0.272000
22563115,1758739087359,sell,113665.900000,0.060000
22563116,1758739087488,sell,113665.900000,0.003000
22563117,1758739087869,sell,113665.900000,4.000000
22563118,1758739087906,buy,113666.000000,4.000000
22563119,1758739088023,sell,113665.900000,0.010000
22563120,1758739088204,sell,113665.900000,0.637000
22563121,1758739088208,buy,113666.000000,0.137000
22563122,1758739088456,buy,113666.000000,0.010000
22563123,1758739088823,sell,113665.900000,0.006000
22563124,1758739088924,buy,113666.000000,0.002000
22563125,1758739089317,sell,113665.900000,0.003000
22563126,1758739089654,buy,113666.000000,0.124000
22563127,1758739089750,buy,113665.900000,0.106000
22563128,1758739089758,sell,113665.900000,0.012000
22563129,1758739089772,buy,113666.000000,0.003000
22563130,1758739089976,sell,113665.900000,0.212000
22563131,1758739090118,sell,113665.900000,0.003000
22563132,1758739091468,buy,113666.000000,0.010000
22563133,1758739092052,buy,113666.000000,0.001000
22563134,1758739092116,buy,113665.900000,0.171000
22563135,1758739092250,sell,113665.900000,0.067000
22563136,1758739092358,sell,113665.900000,0.010000
22563137,1758739092446,buy,113666.000000,0.040000
22563138,1758739093087,sell,113665.900000,0.001000
22563139,1758739093237,sell,113665.900000,0.010000
22563140,1758739093400,buy,113666.000000,0.001000
22563141,1758739094295,sell,113665.900000,0.223000
22563142,1758739094479,buy,113666.000000,0.010000
22563143,1758739094761,buy,113666.000000,0.073000
22563144,1758739095028,buy,113666.000000,0.110000
22563145,1758739095083,sell,113665.900000,0.253000
22563146,1758739095299,sell,113665.900000,0.183000
22563147,1758739095556,sell,113665.900000,0.012000
22563148,1758739095833,sell,113665.900000,0.003000
22563149,1758739095837,buy,113666.000000,0.003000
22563150,1758739095900,sell,113665.900000,0.362000
22563151,1758739096016,buy,113666.000000,0.401000
22563152,1758739096117,buy,113666.000000,6.002000
22563153,1758739096149,buy,113666.200000,0.001000
22563154,1758739096152,sell,113666.100000,0.420000
22563155,1758739096152,sell,113665.900000,1.171000
22563156,1758739096167,buy,113666.400000,0.003000
22563157,1758739096167,buy,113666.500000,0.002000
22563158,1758739096167,buy,113666.800000,0.017000
22563159,1758739096175,buy,113667.000000,0.002000
22563160,1758739096177,sell,113666.100000,0.003000
22563161,1758739096177,buy,113667.300000,0.001000
22563162,1758739096177,buy,113667.600000,0.002000
22563163,1758739096177,buy,113668.000000,0.002000
22563164,1758739096180,buy,113669.000000,0.265000
22563165,1758739096262,buy,113669.200000,0.010000
22563166,1758739096262,buy,113669.400000,0.010000
22563167,1758739096262,buy,113669.700000,0.002000
22563168,1758739096262,buy,113669.800000,0.012000
22563169,1758739096262,buy,113670.000000,0.064000
22563170,1758739096383,buy,113670.000000,0.018000
22563171,1758739096383,buy,113670.700000,0.001000
22563172,1758739096383,buy,113670.800000,0.006000
22563173,1758739096383,buy,113671.000000,0.008000
22563174,1758739096383,buy,113671.300000,0.001000
22563175,1758739096383,buy,113671.500000,0.014000
22563176,1758739096383,buy,113672.000000,0.005000
22563177,1758739096383,buy,113672.100000,0.003000
22563178,1758739096383,buy,113672.800000,0.001000
22563179,1758739096383,buy,113673.000000,0.001000
22563180,1758739096383,buy,113673.100000,0.004000
22563181,1758739096383,buy,113673.900000,0.002000
22563182,1758739096383,buy,113674.000000,0.020000
22563183,1758739096383,buy,113674.300000,0.002000
22563184,1758739096383,buy,113674.500000,0.005000
22563185,1758739096383,buy,113674.800000,0.022000
22563186,1758739096383,buy,113674.900000,0.014000
22563187,1758739096383,buy,113675.000000,0.002000
22563188,1758739096383,buy,113675.100000,0.015000
22563189,1758739096383,buy,113675.200000,0.200000
22563190,1758739096383,buy,113675.400000,0.010000
22563191,1758739096383,buy,113675.600000,0.001000
22563192,1758739096383,buy,113675.700000,0.020000
22563193,1758739096383,buy,113675.800000,0.017000
22563194,1758739096383,buy,113676.000000,0.005000
22563195,1758739096383,buy,113676.100000,0.002000
22563196,1758739096383,buy,113676.200000,0.012000
22563197,1758739096383,buy,113676.700000,0.010000
22563198,1758739096383,buy,113676.900000,0.010000
22563199,1758739096383,buy,113677.100000,0.049000
22563200,1758739096383,buy,113677.200000,0.015000
22563201,1758739096383,buy,113677.300000,0.002000
22563202,1758739096383,buy,113677.400000,0.004000
22563203,1758739096383,buy,113677.900000,0.005000
22563204,1758739096383,buy,113678.200000,0.030000
22563205,1758739096383,buy,113678.400000,1.525000
22563206,1758739096425,buy,113679.200000,0.247000
22563207,1758739096450,sell,113667.900000,0.178000
22563208,1758739096591,buy,113679.200000,0.009000
22563209,1758739096653,sell,113669.900000,0.010000
22563210,1758739096864,sell,113679.100000,0.001000
22563211,1758739096873,buy,113679.200000,0.007000
22563212,1758739097012,sell,113679.100000,0.163000
22563213,1758739097184,buy,113679.200000,0.005000
22563214,1758739097304,buy,113679.200000,0.111000
22563215,1758739097415,buy,113679.200000,0.027000
22563216,1758739097578,buy,113679.200000,0.013000
22563217,1758739097749,sell,113679.100000,0.011000
22563218,1758739097985,buy,113679.100000,0.726000
22563219,1758739098017,buy,113679.200000,0.026000
22563220,1758739098085,sell,113679.100000,0.313000
22563221,1758739098271,buy,113679.200000,0.005000
22563222,1758739098454,buy,113679.200000,0.004000
22563223,1758739098457,sell,113679.100000,0.089000
22563224,1758739098770,buy,113679.200000,0.009000
22563225,1758739098868,sell,113679.100000,0.010000
22563226,1758739099088,buy,113679.200000,0.030000
22563227,1758739099541,buy,113679.200000,0.148000
22563228,1758739099811,buy,113679.200000,0.131000
22563229,1758739099923,buy,113679.200000,0.150000
22563230,1758739100122,sell,113679.100000,0.004000
22563231,1758739100202,buy,113679.200000,0.003000
22563232,1758739100287,sell,113679.100000,0.398000
22563233,1758739100474,buy,113679.200000,0.010000
22563234,1758739100556,sell,113679.100000,0.003000
22563235,1758739100819,sell,113679.100000,0.010000
22563236,1758739101502,buy,113679.200000,0.003000
22563237,1758739101659,buy,113679.200000,0.004000
22563238,1758739101765,buy,113679.200000,0.158000
22563239,1758739101814,sell,113679.100000,0.873000
22563240,1758739102037,sell,113679.100000,0.801000
22563241,1758739102171,sell,113679.100000,0.010000
22563242,1758739102414,sell,113679.100000,0.105000
22563243,1758739102486,buy,113679.200000,0.006000
22563244,1758739102549,sell,113679.100000,0.005000
22563245,1758739102556,buy,113679.200000,0.020000
22563246,1758739102621,sell,113679.100000,0.029000
22563247,1758739102753,sell,113679.100000,0.008000
22563248,1758739102896,sell,113679.100000,0.014000
22563249,1758739103095,buy,113679.200000,0.020000
22563250,1758739103318,buy,113679.200000,0.008000
22563251,1758739103480,buy,113679.200000,0.010000
22563252,1758739103695,sell,113679.100000,0.009000
22563253,1758739103969,sell,113679.100000,0.006000
22563254,1758739104028,buy,113679.200000,0.001000
22563255,1758739104225,buy,113679.100000,0.305000
22563256,1758739104499,sell,113679.100000,0.009000
22563257,1758739104668,buy,113679.200000,0.092000
22563258,1758739104730,sell,113679.100000,0.011000
22563259,1758739104901,buy,113679.200000,0.835000
22563260,1758739104983,sell,113679.100000,4.669000
22563261,1758739105113,buy,113679.200000,0.010000
22563262,1758739105510,buy,113679.200000,0.001000
22563263,1758739105813,buy,113679.200000,0.005000
22563264,1758739106068,sell,113679.100000,0.008000
22563265,1758739106080,buy,113679.200000,1.012000
22563266,1758739106178,buy,113679.100000,0.303000
22563267,1758739106218,buy,113679.200000,0.066000
22563268,1758739106320,sell,113679.100000,0.001000
22563269,1758739106431,buy,113679.200000,0.027000
22563270,1758739106930,sell,113679.100000,0.005000
22563271,1758739106962,buy,113679.200000,0.001000
22563272,1758739107167,buy,113679.200000,0.010000
22563273,1758739107411,buy,113679.200000,0.018000
22563274,1758739107489,sell,113679.100000,0.004000
22563275,1758739107521,buy,113679.100000,0.875000
22563276,1758739107588,buy,113679.200000,0.857000
22563277,1758739107707,sell,113679.100000,0.966000
22563278,1758739107854,buy,113679.200000,0.032000
22563279,1758739107928,sell,113679.100000,0.006000
22563280,1758739108091,buy,113679.200000,0.035000
22563281,1758739108397,buy,113679.200000,0.001000
22563282,1758739108635,buy,113679.200000,0.115000
22563283,1758739108635,buy,113679.300000,0.056000
22563284,1758739108635,buy,113680.000000,0.498000
22563285,1758739108635,buy,113680.800000,0.002000
22563286,1758739108635,buy,113681.000000,0.002000
22563287,1758739108635,buy,113681.500000,0.009000
22563288,1758739108635,buy,113681.600000,0.004000
22563289,1758739108635,buy,113682.000000,0.002000
22563290,1758739108635,buy,113682.300000,0.600000
22563291,1758739108635,buy,113682.600000,0.002000
22563292,1758739108635,buy,113682.700000,0.001000
22563293,1758739108635,buy,113682.800000,0.014000
22563294,1758739108635,buy,113683.000000,0.002000
22563295,1758739108635,buy,113683.200000,0.008000
22563296,1758739108635,buy,113684.000000,0.002000
22563297,1758739108635,buy,113684.100000,0.018000
22563298,1758739108635,buy,113684.800000,0.002000
22563299,1758739108635,buy,113685.000000,0.005000
22563300,1758739108635,buy,113685.800000,0.001000
22563301,1758739108635,buy,113686.200000,0.008000
22563302,1758739108635,buy,113686.500000,0.001000
22563303,1758739108635,buy,113686.600000,0.131000
22563304,1758739108636,buy,113686.900000,2.518000
22563305,1758739108891,sell,113686.800000,0.879000
22563306,1758739109011,sell,113686.800000,4.835000
22563307,1758739109113,buy,113686.900000,0.010000
22563308,1758739109252,buy,113686.900000,0.005000
22563309,1758739109315,sell,113686.800000,1.000000
22563310,1758739109393,buy,113686.900000,0.003000
22563311,1758739109421,sell,113686.800000,0.005000
22563312,1758739109478,buy,113686.900000,0.015000
22563313,1758739109671,buy,113686.900000,0.007000
22563314,1758739109868,sell,113686.800000,0.619000
22563315,1758739110150,buy,113686.900000,0.008000
22563316,1758739110243,sell,113686.800000,0.131000
22563317,1758739110782,buy,113686.900000,0.014000
22563318,1758739111192,buy,113686.900000,0.010000
22563319,1758739111862,buy,113686.900000,0.003000
22563320,1758739111964,sell,113686.800000,0.401000
22563321,1758739112080,sell,113686.800000,0.280000
22563322,1758739112271,sell,113686.800000,4.817000
22563323,1758739112378,sell,113686.800000,0.003000
22563324,1758739112463,buy,113686.900000,0.015000
22563325,1758739112608,buy,113686.900000,0.290000
22563326,1758739112875,sell,113686.800000,0.008000
22563327,1758739113023,buy,113686.900000,0.127000
22563328,1758739113052,sell,113686.800000,0.020000
22563329,1758739113381,buy,113686.900000,0.010000
22563330,1758739113623,buy,113686.900000,0.435000
22563331,1758739113746,buy,113686.900000,0.021000
22563332,1758739113846,sell,113686.800000,0.004000
22563333,1758739114379,sell,113686.800000,0.070000
22563334,1758739114492,sell,113686.800000,0.040000
22563335,1758739114645,sell,113686.800000,0.343000
22563336,1758739114973,buy,113686.800000,0.367000
22563337,1758739114974,buy,113686.900000,2.093000
22563338,1758739115083,buy,113686.900000,0.003000
22563339,1758739115126,sell,113686.800000,0.026000
22563340,1758739115144,buy,113686.900000,0.879000
22563341,1758739115421,sell,113686.800000,0.018000
22563342,1758739115456,buy,113686.900000,0.010000
22563343,1758739115574,buy,113686.900000,0.010000
22563344,1758739115917,buy,113686.900000,0.077000
22563345,1758739116106,buy,113686.900000,0.002000
22563346,1758739116242,buy,113686.900000,0.001000
22563347,1758739116426,sell,113686.800000,0.005000
22563348,1758739116628,sell,113686.800000,0.011000
22563349,1758739117021,buy,113686.900000,0.008000
22563350,1758739117116,sell,113686.800000,0.540000
22563351,1758739117214,buy,113686.900000,0.003000
22563352,1758739117495,buy,113686.900000,0.004000
22563353,1758739117549,sell,113686.800000,0.003000
22563354,1758739117594,buy,113686.900000,0.010000
22563355,1758739117704,buy,113686.900000,0.003000
22563356,1758739117824,buy,113686.900000,0.001000
22563357,1758739118139,buy,113686.900000,0.019000
22563358,1758739118165,sell,113686.800000,0.077000
22563359,1758739118223,buy,113686.900000,0.064000
22563360,1758739118455,buy,113686.900000,0.010000
22563361,1758739118473,sell,113686.800000,0.081000
22563362,1758739118520,buy,113686.900000,0.005000
22563363,1758739118525,sell,113686.800000,0.001000
22563364,1758739118730,buy,113686.900000,0.001000
22563365,1758739118962,buy,113686.900000,4.000000
22563366,1758739119052,sell,113686.800000,4.000000
22563367,1758739119356,buy,113686.800000,0.525000
22563368,1758739119471,buy,113686.900000,0.013000
22563369,1758739119573,sell,113686.800000,0.268000
22563370,1758739119737,sell,113686.800000,0.008000
22563371,1758739119867,buy,113686.900000,0.010000
22563372,1758739119907,sell,113686.800000,0.028000
22563373,1758739120006,buy,113686.900000,0.001000
22563374,1758739120279,buy,113686.900000,0.001000
22563375,1758739120570,sell,113686.800000,0.005000
22563376,1758739120705,sell,113686.800000,0.019000
22563377,1758739120810,sell,113686.800000,0.852000
22563378,1758739120952,buy,113686.900000,0.263000
22563379,1758739121075,sell,113686.800000,0.009000
22563380,1758739121204,sell,113686.800000,0.010000
22563381,1758739121412,sell,113686.800000,0.160000
22563382,1758739121416,buy,113686.900000,0.013000
22563383,1758739121526,sell,113686.800000,0.027000
22563384,1758739121556,buy,113686.900000,0.005000
22563385,1758739121671,buy,113686.900000,0.017000
22563386,1758739121801,buy,113686.900000,0.010000
22563387,1758739121852,sell,113686.800000,0.007000
22563388,1758739121969,buy,113686.900000,0.009000
22563389,1758739122366,sell,113686.800000,0.028000
22563390,1758739122394,buy,113686.900000,0.003000
22563391,1758739122486,sell,113686.800000,0.006000
22563392,1758739122724,sell,113686.800000,3.103000
22563393,1758739122833,buy,113686.900000,0.114000
22563394,1758739122904,sell,113686.800000,1.691000
22563395,1758739123088,sell,113686.800000,0.001000
22563396,1758739123603,sell,113686.800000,0.188000
22563397,1758739123792,buy,113686.900000,1.814000
22563398,1758739124116,buy,113686.900000,0.001000
22563399,1758739124169,buy,113686.800000,0.429000
22563400,1758739124221,buy,113686.900000,0.439000
22563401,1758739124383,sell,113686.800000,0.092000
22563402,1758739124453,buy,113686.900000,0.010000
22563403,1758739124630,sell,113686.800000,0.003000
22563404,1758739124705,buy,113686.900000,0.034000
22563405,1758739124815,sell,113686.800000,0.001000
22563406,1758739125210,buy,113686.900000,0.004000
22563407,1758739125225,sell,113686.800000,0.063000
22563408,1758739125253,buy,113686.900000,0.009000
22563409,1758739125566,buy,113686.900000,0.003000
22563410,1758739125940,sell,113686.800000,0.005000
22563411,1758739126022,buy,113686.900000,0.096000
22563412,1758739126070,sell,113686.800000,0.491000
22563413,1758739126077,buy,113686.900000,0.011000
22563414,1758739126398,sell,113686.800000,0.720000
22563415,1758739126515,buy,113686.900000,4.000000
22563416,1758739126570,sell,113686.800000,0.008000
22563417,1758739126702,sell,113686.800000,4.444000
22563418,1758739126860,sell,113686.800000,0.005000
22563419,1758739126978,buy,113686.900000,0.008000
22563420,1758739127147,sell,113686.800000,0.024000
22563421,1758739127456,sell,113686.800000,0.015000
22563422,1758739127465,buy,113686.900000,0.010000
22563423,1758739127706,buy,113686.900000,1.356000
22563424,1758739128065,sell,113686.800000,0.001000
22563425,1758739128225,buy,113686.900000,0.011000
22563426,1758739128381,sell,113686.800000,0.112000
22563427,1758739128562,sell,113686.800000,0.701000
22563428,1758739128591,buy,113686.900000,0.003000
22563429,1758739128632,sell,113686.800000,0.748000
22563430,1758739128702,sell,113686.700000,0.003000
22563431,1758739128702,sell,113686.600000,0.053000
22563432,1758739128705,sell,113686.500000,0.026000
22563433,1758739128705,sell,113686.400000,0.022000
22563434,1758739128705,sell,113686.000000,0.092000
22563435,1758739128772,sell,113685.000000,0.020000
22563436,1758739128773,sell,113684.800000,0.001000
22563437,1758739128773,sell,113684.000000,0.004000
22563438,1758739128784,sell,113683.800000,0.033000
22563439,1758739128814,sell,113683.000000,0.002000
22563440,1758739128814,sell,113682.000000,0.002000
22563441,1758739128827,sell,113683.800000,0.010000
22563442,1758739128827,sell,113680.900000,0.803000
22563443,1758739128848,sell,113683.800000,0.010000
22563444,1758739128848,sell,113680.900000,0.124000
22563445,1758739128886,sell,113686.500000,0.012000
22563446,1758739128886,sell,113680.900000,0.088000
22563447,1758739128926,buy,113681.000000,0.001000
22563448,1758739128941,sell,113680.900000,0.072000
22563449,1758739128980,sell,113683.800000,0.372000
22563450,1758739128988,buy,113680.900000,0.319000
22563451,1758739129026,sell,113680.900000,0.361000
22563452,1758739129136,buy,113681.000000,0.002000
22563453,1758739129166,sell,113680.900000,0.014000
22563454,1758739129255,buy,113681.000000,0.100000
22563455,1758739129303,sell,113680.900000,0.354000
22563456,1758739129442,sell,113680.900000,0.011000
22563457,1758739129575,sell,113680.900000,0.287000
22563458,1758739129691,sell,113680.900000,0.117000
22563459,1758739129797,sell,113680.900000,0.268000
22563460,1758739129879,buy,113681.000000,5.000000
22563461,1758739129895,sell,113680.900000,0.074000
22563462,1758739129905,buy,113681.000000,0.001000
22563463,1758739130004,sell,113680.900000,0.014000
22563464,1758739130147,sell,113680.900000,0.105000
22563465,1758739130274,buy,113681.000000,1.171000
22563466,1758739130375,buy,113680.900000,0.435000
22563467,1758739130387,sell,113680.900000,0.021000
22563468,1758739130461,buy,113681.000000,0.010000
22563469,1758739130515,sell,113680.900000,0.101000
22563470,1758739130667,buy,113681.000000,0.008000
22563471,1758739130864,buy,113681.000000,0.033000
22563472,1758739130936,sell,113680.900000,0.021000
22563473,1758739131557,buy,113681.000000,0.099000
22563474,1758739131788,buy,113681.000000,0.003000
22563475,1758739131840,sell,113680.900000,0.365000
22563476,1758739131962,buy,113681.000000,0.001000
22563477,1758739131966,sell,113680.900000,0.090000
22563478,1758739131969,buy,113681.000000,0.026000
22563479,1758739132084,buy,113681.000000,0.035000
22563480,1758739132116,sell,113680.900000,0.015000
22563481,1758739132268,sell,113680.900000,0.003000
22563482,1758739132421,sell,113680.900000,0.562000
22563483,1758739132590,buy,113681.000000,0.013000
22563484,1758739132600,sell,113680.900000,0.147000
22563485,1758739132870,buy,113681.000000,0.010000
22563486,1758739133219,sell,113680.900000,0.287000
22563487,1758739133402,sell,113680.900000,0.008000
22563488,1758739133461,buy,113681.000000,0.010000
22563489,1758739133814,buy,113681.000000,0.008000
22563490,1758739133844,sell,113680.900000,0.004000
22563491,1758739134029,buy,113681.000000,0.106000
22563492,1758739134071,sell,113680.900000,0.004000
22563493,1758739134176,buy,113681.000000,0.008000
22563494,1758739134386,sell,113680.900000,0.210000
22563495,1758739134643,sell,113680.900000,0.007000
22563496,1758739134684,buy,113680.900000,0.445000
22563497,1758739134710,sell,113680.900000,3.522000
22563498,1758739134959,buy,113681.000000,0.527000
22563499,1758739135021,sell,113680.900000,0.080000
22563500,1758739135349,sell,113680.900000,0.019000
22563501,1758739135508,sell,113680.900000,1.139000
22563502,1758739136085,buy,113681.000000,0.001000
22563503,1758739136413,sell,113680.900000,4.019000
22563504,1758739136481,buy,113681.000000,0.010000
22563505,1758739136598,buy,113681.000000,4.000000
22563506,1758739136614,sell,113680.900000,0.507000
22563507,1758739136718,buy,113681.000000,0.075000
22563508,1758739136785,sell,113680.900000,0.100000
22563509,1758739137352,sell,113680.900000,3.549000
22563510,1758739137354,buy,113681.000000,3.554000
22563511,1758739137426,sell,113680.900000,0.010000
22563512,1758739137486,buy,113681.000000,0.011000
22563513,1758739137646,buy,113681.000000,0.018000
22563514,1758739137834,buy,113681.000000,0.080000
22563515,1758739138017,buy,113681.000000,0.003000
22563516,1758739138022,sell,113680.900000,0.090000
22563517,1758739138142,buy,113681.000000,0.001000
22563518,1758739138355,sell,113680.900000,0.003000
22563519,1758739138402,buy,113680.900000,0.346000
22563520,1758739138406,buy,113681.000000,0.087000
22563521,1758739138483,sell,113680.900000,0.527000
22563522,1758739138495,buy,113681.000000,0.008000
22563523,1758739138841,sell,113680.900000,0.001000
22563524,1758739138919,buy,113681.000000,1.000000
22563525,1758739139221,sell,113680.900000,0.001000
22563526,1758739139329,buy,113681.000000,0.004000
22563527,1758739139453,buy,113681.000000,0.011000
22563528,1758739139603,sell,113680.900000,0.014000
22563529,1758739139733,sell,113680.900000,0.512000
22563530,1758739140052,buy,113681.000000,0.105000
22563531,1758739140192,sell,113680.900000,0.008000
22563532,1758739140810,sell,113680.900000,1.000000
22563533,1758739140879,buy,113681.000000,0.015000
22563534,1758739141088,buy,113681.000000,6.026000
22563535,1758739141837,sell,113680.900000,1.010000
22563536,1758739141853,buy,113681.000000,0.016000
22563537,1758739142040,sell,113680.900000,0.879000
22563538,1758739142238,sell,113680.900000,0.001000
22563539,1758739142477,buy,113681.000000,0.010000
22563540,1758739142558,buy,113680.900000,0.293000
22563541,1758739143601,buy,113681.000000,0.001000
22563542,1758739143697,buy,113680.900000,0.678000
22563543,1758739143782,sell,113680.900000,0.010000
22563544,1758739143874,buy,113681.000000,0.445000
22563545,1758739143981,buy,113681.000000,4.000000
22563546,1758739143992,sell,113680.900000,4.105000
22563547,1758739144211,sell,113680.900000,0.004000
22563548,1758739144325,sell,113680.900000,0.003000
22563549,1758739144334,buy,113681.000000,0.008000
22563550,1758739144347,sell,113680.900000,0.105000
22563551,1758739145374,sell,113680.900000,0.087000
22563552,1758739145455,buy,113681.000000,0.010000
22563553,1758739145478,sell,113680.900000,0.151000
22563554,1758739145653,buy,113681.000000,0.001000
22563555,1758739145877,sell,113680.900000,0.010000
22563556,1758739145931,buy,113681.000000,0.004000
22563557,1758739145993,sell,113680.900000,0.459000
22563558,1758739146136,sell,113680.900000,0.105000
22563559,1758739146353,sell,113680.900000,0.001000
22563560,1758739146824,buy,113681.000000,0.002000
22563561,1758739147037,sell,113680.900000,0.008000
22563562,1758739147172,sell,113680.900000,0.439000
22563563,1758739147488,sell,113680.900000,0.004000
22563564,1758739147621,sell,113680.900000,0.001000
22563565,1758739147710,buy,113681.000000,0.001000
22563566,1758739147870,sell,113680.900000,0.252000
22563567,1758739148011,buy,113681.000000,0.001000
22563568,1758739148118,sell,113680.900000,0.085000
22563569,1758739148163,buy,113681.000000,2.990000
22563570,1758739148172,sell,113680.900000,0.010000
22563571,1758739148178,buy,113681.000000,0.003000
22563572,1758739148382,buy,113681.000000,0.003000
22563573,1758739148386,sell,113680.900000,0.010000
22563574,1758739148395,buy,113681.000000,0.042000
22563575,1758739148414,sell,113680.900000,0.001000
22563576,1758739148466,buy,113681.000000,0.115000
22563577,1758739148514,sell,113680.900000,0.010000
22563578,1758739148847,sell,113680.900000,0.003000
22563579,1758739149178,buy,113681.000000,0.879000
22563580,1758739149466,buy,113681.000000,0.003000
22563581,1758739149479,sell,113680.900000,0.009000
22563582,1758739149480,buy,113680.900000,0.801000
22563583,1758739149613,sell,113680.900000,0.148000
22563584,1758739149791,buy,113681.000000,0.001000
22563585,1758739149850,sell,113680.900000,0.137000
22563586,1758739149880,buy,113681.000000,0.001000
22563587,1758739150140,buy,113681.000000,0.285000
22563588,1758739150236,sell,113680.900000,1.759000
22563589,1758739150450,sell,113680.900000,0.011000
22563590,1758739150605,sell,113680.900000,0.002000
22563591,1758739150810,buy,113681.000000,0.004000
22563592,1758739150913,sell,113680.900000,0.010000
22563593,1758739150999,buy,113681.000000,0.077000
22563594,1758739151107,sell,113680.900000,0.527000
22563595,1758739151251,sell,113680.900000,0.003000
22563596,1758739151455,buy,113681.000000,0.010000
22563597,1758739151460,sell,113680.900000,0.061000
22563598,1758739151582,sell,113680.900000,0.004000
22563599,1758739151587,buy,113681.000000,0.160000
22563600,1758739151737,sell,113680.900000,0.003000
22563601,1758739152109,buy,113681.000000,0.400000
22563602,1758739152220,sell,113680.900000,0.458000
22563603,1758739152306,buy,113681.000000,0.004000
22563604,1758739152489,buy,113681.000000,0.003000
22563605,1758739152558,sell,113680.900000,0.010000
22563606,1758739152800,sell,113680.900000,1.411000
22563607,1758739152830,buy,113681.000000,2.641000
22563608,1758739153007,sell,113680.900000,0.400000
22563609,1758739153256,sell,113680.900000,1.300000
22563610,1758739153542,buy,113681.000000,0.025000
22563611,1758739153570,sell,113680.900000,0.163000
22563612,1758739153750,sell,113680.900000,0.028000
22563613,1758739153899,buy,113681.000000,0.527000
22563614,1758739154075,sell,113680.900000,0.004000
22563615,1758739154475,buy,113681.000000,0.010000
22563616,1758739154495,sell,113680.900000,0.010000
22563617,1758739154496,buy,113681.000000,0.003000
22563618,1758739154512,sell,113680.900000,0.430000
22563619,1758739154656,sell,113680.900000,0.884000
22563620,1758739154802,buy,113681.000000,0.001000
22563621,1758739154824,sell,113680.900000,0.280000
22563622,1758739154889,buy,113681.000000,0.300000
22563623,1758739155036,buy,113681.000000,0.003000
22563624,1758739155166,sell,113680.900000,4.600000
22563625,1758739155355,sell,113680.900000,0.032000
22563626,1758739155409,buy,113681.000000,4.000000
22563627,1758739155500,sell,113680.900000,0.004000
22563628,1758739155849,sell,113680.900000,0.747000
22563629,1758739156235,sell,113680.900000,0.003000
22563630,1758739156319,buy,113681.000000,0.012000
22563631,1758739156582,sell,113680.900000,0.756000
22563632,1758739156997,sell,113680.900000,0.040000
22563633,1758739157232,buy,113681.000000,0.105000
22563634,1758739157341,buy,113681.000000,0.001000
22563635,1758739157412,buy,113680.900000,0.118000
22563636,1758739157477,buy,113681.000000,0.010000
22563637,1758739157696,sell,113680.900000,0.054000
22563638,1758739157768,buy,113681.000000,0.011000
22563639,1758739158040,sell,113680.900000,0.004000
22563640,1758739158477,sell,113680.900000,0.608000
22563641,1758739158760,sell,113680.900000,0.010000
22563642,1758739158790,buy,113681.000000,0.001000
22563643,1758739159187,buy,113680.900000,0.357000
22563644,1758739159241,buy,113681.000000,0.105000
22563645,1758739159416,buy,113681.000000,0.001000
22563646,1758739159875,buy,113681.000000,0.003000
22563647,1758739160020,sell,113680.900000,0.002000
22563648,1758739160465,buy,113681.000000,0.010000
22563649,1758739160588,sell,113680.900000,0.008000
22563650,1758739160697,buy,113681.000000,0.068000
22563651,1758739160756,sell,113680.900000,0.010000
22563652,1758739161083,sell,113680.900000,0.017000
22563653,1758739161308,buy,113681.000000,0.001000
22563654,1758739161456,buy,113680.900000,0.176000
22563655,1758739161464,buy,113681.000000,0.001000
22563656,1758739161862,buy,113681.000000,0.003000
22563657,1758739161920,sell,113680.900000,0.003000
22563658,1758739161996,buy,113681.000000,0.527000
22563659,1758739162001,sell,113680.900000,0.008000
22563660,1758739162019,buy,113681.000000,0.003000
22563661,1758739162161,sell,113680.900000,0.004000
22563662,1758739162311,buy,113681.000000,0.105000
22563663,1758739162390,sell,113680.900000,0.021000
22563664,1758739162485,buy,113681.000000,0.006000
22563665,1758739162592,buy,113681.000000,0.007000
22563666,1758739163034,buy,113681.000000,0.596000
22563667,1758739163131,buy,113680.900000,0.286000
22563668,1758739163146,sell,113680.900000,0.010000
22563669,1758739163411,sell,113680.900000,0.010000
22563670,1758739163479,buy,113681.000000,0.011000
22563671,1758739163753,sell,113680.900000,1.328000
22563672,1758739163832,buy,113681.000000,0.010000
22563673,1758739164099,sell,113680.900000,0.001000
22563674,1758739164236,sell,113680.900000,0.009000
22563675,1758739164689,buy,113681.000000,4.008000
22563676,1758739164966,sell,113680.900000,4.000000
22563677,1758739165223,sell,113680.900000,0.010000
22563678,1758739165294,buy,113681.000000,0.003000
22563679,1758739165478,sell,113680.900000,0.175000
22563680,1758739165584,buy,113681.000000,0.001000
22563681,1758739165669,sell,113680.900000,1.363000
22563682,1758739165793,sell,113680.900000,0.018000
22563683,1758739165890,buy,113681.000000,0.184000
22563684,1758739165992,sell,113680.900000,0.001000
22563685,1758739166270,sell,113680.900000,0.010000
22563686,1758739166476,buy,113681.000000,0.010000
22563687,1758739166585,sell,113680.900000,0.267000
22563688,1758739166588,sell,113680.800000,0.019000
22563689,1758739166588,sell,113680.700000,0.034000
22563690,1758739166588,sell,113680.500000,0.038000
22563691,1758739166588,sell,113680.400000,0.023000
22563692,1758739166588,sell,113680.000000,0.681000
22563693,1758739166589,sell,113679.100000,0.117000
22563694,1758739166589,sell,113679.000000,0.024000
22563695,1758739166589,sell,113678.700000,0.012000
22563696,1758739166589,sell,113678.000000,0.002000
22563697,1758739166589,sell,113677.000000,0.318000
22563698,1758739166589,sell,113676.000000,0.002000
22563699,1758739166589,sell,113675.400000,0.001000
22563700,1758739166590,sell,113671.100000,0.001000
22563701,1758739166590,sell,113670.000000,0.002000
22563702,1758739166590,sell,113669.500000,1.444000
22563703,1758739166608,sell,113680.900000,0.010000
22563704,1758739166608,sell,113680.000000,0.001000
22563705,1758739166720,sell,113672.700000,0.030000
22563706,1758739166720,sell,113671.200000,0.010000
22563707,1758739166888,sell,113669.600000,0.527000
22563708,1758739166971,sell,113669.500000,0.120000
22563709,1758739167370,sell,113669.500000,0.008000
22563710,1758739167484,sell,113669.500000,0.006000
22563711,1758739167680,buy,113669.600000,0.015000
22563712,1758739167720,sell,113669.500000,0.005000
22563713,1758739167782,buy,113669.500000,0.240000
22563714,1758739167819,buy,113669.600000,0.061000
22563715,1758739167995,sell,113669.500000,0.004000
22563716,1758739168214,sell,113669.500000,0.157000
22563717,1758739168285,buy,113669.600000,0.020000
22563718,1758739168418,sell,113669.500000,0.001000
22563719,1758739168589,buy,113669.600000,0.010000
22563720,1758739168712,sell,113669.500000,0.003000
22563721,1758739168946,sell,113669.500000,0.003000
22563722,1758739169104,sell,113669.500000,0.001000
22563723,1758739169417,buy,113669.600000,0.011000
22563724,1758739169633,buy,113669.600000,0.010000
22563725,1758739169770,buy,113669.600000,0.001000
22563726,1758739170103,buy,113669.600000,0.003000
22563727,1758739170431,buy,113669.600000,0.527000
22563728,1758739170470,sell,113669.500000,0.001000
22563729,1758739170613,sell,113669.500000,0.440000
22563730,1758739170724,buy,113669.600000,0.008000
22563731,1758739170786,sell,113669.500000,0.136000
22563732,1758739170854,buy,113669.600000,0.010000
22563733,1758739171480,buy,113669.600000,0.009000
22563734,1758739171593,buy,113669.600000,0.010000
22563735,1758739171806,sell,113669.500000,0.003000
22563736,1758739171815,buy,113669.600000,0.101000
22563737,1758739171920,buy,113669.600000,0.012000
22563738,1758739172485,buy,113669.600000,0.010000
22563739,1758739172532,sell,113669.500000,0.001000
22563740,1758739172791,buy,113669.600000,0.137000
22563741,1758739172914,buy,113669.600000,4.669000
22563742,1758739173054,buy,113669.600000,0.148000
22563743,1758739173130,sell,113669.500000,0.091000
22563744,1758739173297,sell,113669.500000,0.286000
22563745,1758739173528,sell,113669.500000,0.035000
22563746,1758739173583,buy,113669.600000,0.003000
22563747,1758739173720,buy,113669.600000,0.439000
22563748,1758739173877,buy,113669.600000,0.011000
22563749,1758739174152,sell,113669.500000,0.008000
22563750,1758739174205,buy,113669.600000,0.104000
22563751,1758739174267,sell,113669.500000,0.003000
22563752,1758739174594,sell,113669.500000,0.001000
22563753,1758739174779,buy,113669.600000,0.002000
22563754,1758739174792,sell,113669.500000,0.016000
22563755,1758739174997,buy,113669.600000,4.000000
22563756,1758739175289,sell,113669.500000,4.879000
22563757,1758739175356,buy,113669.600000,1.406000
22563758,1758739175371,sell,113669.500000,1.758000
22563759,1758739175373,buy,113669.600000,1.231000
22563760,1758739175475,buy,113669.600000,0.010000
22563761,1758739175543,sell,113669.500000,0.439000
22563762,1758739175784,buy,113669.500000,0.185000
22563763,1758739175841,buy,113669.600000,0.131000
22563764,1758739175981,buy,113669.600000,0.011000
22563765,1758739176286,buy,113669.600000,0.003000
22563766,1758739176508,buy,113669.600000,0.433000
22563767,1758739176549,sell,113669.500000,0.005000
22563768,1758739176680,sell,113669.500000,0.001000
22563769,1758739177009,buy,113669.600000,0.004000
22563770,1758739177487,sell,113669.500000,0.006000
22563771,1758739177689,buy,113669.600000,0.030000
22563772,1758739178033,buy,113669.600000,0.011000
22563773,1758739178218,buy,113669.600000,0.008000
22563774,1758739178253,sell,113669.500000,0.198000
22563775,1758739178465,buy,113669.600000,0.010000
22563776,1758739178529,sell,113669.500000,0.204000
22563777,1758739178565,buy,113669.600000,0.439000
22563778,1758739178671,sell,113669.500000,0.070000
22563779,1758739178781,sell,113669.500000,0.003000
22563780,1758739179042,buy,113669.600000,0.004000
22563781,1758739179819,buy,113669.600000,0.002000
22563782,1758739179854,sell,113669.500000,0.025000
22563783,1758739180014,buy,113669.600000,0.011000
22563784,1758739180120,sell,113669.500000,0.153000
22563785,1758739180463,sell,113669.500000,0.008000
22563786,1758739180795,sell,113669.500000,0.004000
22563787,1758739180906,sell,113669.500000,0.008000
22563788,1758739180926,buy,113669.500000,0.067000
22563789,1758739181233,buy,113669.600000,0.003000
22563790,1758739181457,buy,113669.600000,0.010000
22563791,1758739181711,sell,113669.500000,0.307000
22563792,1758739181968,sell,113669.500000,0.083000
22563793,1758739181975,buy,113669.600000,0.010000
22563794,1758739181989,sell,113669.500000,0.002000
22563795,1758739182121,sell,113669.500000,0.439000
22563796,1758739182128,buy,113669.600000,0.010000
22563797,1758739182359,buy,113669.600000,1.000000
22563798,1758739182488,buy,113669.600000,0.006000
22563799,1758739182602,buy,113669.600000,0.001000
22563800,1758739182665,sell,113669.500000,0.008000
22563801,1758739182826,sell,113669.500000,0.004000
22563802,1758739182997,buy,113669.600000,0.005000
22563803,1758739183183,sell,113669.500000,0.009000
22563804,1758739183195,buy,113669.600000,0.003000
22563805,1758739183195,sell,113669.500000,0.614000
22563806,1758739183304,sell,113669.500000,0.001000
22563807,1758739183626,sell,113669.500000,0.275000
22563808,1758739183842,buy,113669.500000,0.147000
22563809,1758739184124,sell,113669.500000,0.007000
22563810,1758739184317,sell,113669.500000,0.146000
22563811,1758739184427,buy,113669.600000,0.020000
22563812,1758739184579,sell,113669.500000,0.145000
22563813,1758739184664,buy,113669.600000,0.001000
22563814,1758739184842,buy,113669.600000,0.291000
22563815,1758739185009,buy,113669.600000,0.010000
22563816,1758739185029,sell,113669.500000,1.000000
22563817,1758739185087,buy,113669.600000,0.077000
22563818,1758739185245,sell,113669.500000,0.008000
22563819,1758739185361,sell,113669.500000,0.001000
22563820,1758739185904,sell,113669.500000,0.009000
22563821,1758739186016,sell,113669.500000,1.692000
22563822,1758739186030,sell,113669.400000,0.002000
22563823,1758739186042,sell,113669.000000,0.302000
22563824,1758739186073,sell,113668.600000,0.011000
22563825,1758739186073,sell,113668.000000,0.013000
22563826,1758739186074,sell,113667.700000,0.017000
22563827,1758739186074,sell,113667.500000,0.001000
22563828,1758739186074,sell,113667.000000,0.003000
22563829,1758739186074,sell,113666.000000,0.046000
22563830,1758739186074,sell,113665.000000,0.002000
22563831,1758739186299,buy,113664.000000,0.527000
22563832,1758739186557,buy,113664.000000,0.010000
22563833,1758739186646,sell,113663.900000,0.002000
22563834,1758739186731,buy,113664.000000,0.001000
22563835,1758739186832,buy,113664.000000,0.090000
22563836,1758739186835,sell,113663.900000,0.035000
22563837,1758739187169,buy,113664.000000,0.003000
22563838,1758739187355,sell,113663.900000,0.089000
22563839,1758739187479,buy,113664.000000,0.010000
22563840,1758739187531,sell,113663.900000,0.001000
22563841,1758739187680,buy,113664.000000,0.006000
22563842,1758739187719,sell,113663.900000,0.008000
22563843,1758739187801,buy,113664.000000,0.624000
22563844,1758739187852,sell,113663.900000,0.003000
22563845,1758739188024,sell,113663.900000,0.062000
22563846,1758739188025,sell,113663.700000,0.002000
22563847,1758739188025,sell,113663.300000,0.008000
22563848,1758739188025,sell,113662.800000,0.003000
22563849,1758739188025,sell,113662.000000,0.003000
22563850,1758739188025,sell,113660.000000,0.010000
22563851,1758739188025,sell,113659.900000,0.001000
22563852,1758739188025,sell,113659.800000,0.015000
22563853,1758739188025,sell,113659.600000,0.011000
22563854,1758739188025,sell,113658.300000,0.126000
22563855,1758739188025,sell,113658.000000,0.023000
22563856,1758739188025,sell,113656.400000,0.055000
22563857,1758739188025,sell,113655.900000,0.001000
22563858,1758739188025,sell,113654.500000,0.002000
22563859,1758739188025,sell,113654.100000,0.905000
22563860,1758739188070,sell,113656.000000,0.014000
22563861,1758739188225,buy,113654.200000,0.085000
22563862,1758739188259,sell,113654.200000,0.086000
22563863,1758739188261,buy,113654.300000,0.029000
22563864,1758739188653,sell,113654.200000,0.519000
22563865,1758739188661,buy,113654.300000,0.010000
22563866,1758739188743,sell,113654.200000,4.246000
22563867,1758739189012,sell,113654.200000,0.364000
22563868,1758739189233,buy,113654.300000,0.001000
22563869,1758739189407,sell,113654.200000,0.052000
22563870,1758739189930,sell,113654.200000,0.001000
22563871,1758739189936,buy,113654.300000,0.002000
22563872,1758739190074,sell,113654.200000,0.143000
22563873,1758739190328,sell,113654.200000,0.001000
22563874,1758739190409,buy,113654.300000,0.013000
22563875,1758739190539,buy,113654.200000,0.112000
22563876,1758739190602,buy,113654.300000,0.010000
22563877,1758739190666,sell,113654.200000,0.010000
22563878,1758739190885,sell,113654.200000,0.194000
22563879,1758739191168,sell,113654.200000,0.100000
22563880,1758739191281,buy,113654.300000,0.001000
22563881,1758739191343,sell,113654.200000,2.800000
22563882,1758739191466,sell,113654.200000,0.003000
22563883,1758739191596,sell,113654.200000,0.002000
22563884,1758739191708,buy,113654.300000,2.900000
22563885,1758739191861,sell,113654.200000,0.122000
22563886,1758739191887,buy,113654.300000,0.008000
22563887,1758739191978,sell,113654.200000,0.001000
22563888,1758739192171,sell,113654.200000,2.238000
22563889,1758739192285,sell,113654.200000,0.002000
22563890,1758739192298,buy,113654.300000,0.034000
22563891,1758739192489,buy,113654.300000,0.003000
22563892,1758739192507,sell,113654.200000,0.087000
22563893,1758739192578,buy,113654.300000,0.010000
22563894,1758739192875,sell,113654.200000,0.001000
22563895,1758739193201,sell,113654.200000,1.296000
22563896,1758739193304,sell,113654.200000,0.003000
22563897,1758739193329,buy,113654.300000,0.001000
22563898,1758739193467,buy,113654.300000,0.010000
22563899,1758739193481,sell,113654.200000,0.014000
22563900,1758739193605,buy,113654.300000,4.003000
22563901,1758739193717,sell,113654.200000,4.000000
22563902,1758739193851,buy,113654.300000,0.034000
22563903,1758739193993,sell,113654.200000,0.002000
22563904,1758739194303,buy,113654.300000,0.001000
22563905,1758739194559,sell,113654.200000,0.008000
22563906,1758739194575,buy,113654.300000,0.016000
22563907,1758739194606,buy,113654.200000,0.089000
22563908,1758739194728,sell,113654.200000,0.032000
22563909,1758739194860,buy,113654.300000,0.010000
22563910,1758739194871,sell,113654.200000,0.001000
22563911,1758739195036,buy,113654.300000,0.439000
22563912,1758739195096,sell,113654.200000,0.002000
22563913,1758739195263,sell,113654.200000,0.001000
22563914,1758739195388,buy,113654.300000,0.001000
22563915,1758739195624,sell,113654.200000,0.078000
22563916,1758739195822,sell,113654.200000,0.005000
22563917,1758739196192,buy,113654.300000,0.003000
22563918,1758739196453,buy,113654.300000,0.054000
22563919,1758739196537,sell,113654.200000,0.003000
22563920,1758739196806,buy,113654.300000,0.003000
22563921,1758739196956,buy,113654.300000,0.010000
22563922,1758739197160,sell,113654.200000,0.120000
22563923,1758739197367,buy,113654.300000,0.075000
22563924,1758739197470,buy,113654.300000,4.524000
22563925,1758739197725,sell,113654.200000,0.001000
22563926,1758739197829,sell,113654.200000,0.028000
22563927,1758739197885,buy,113654.300000,0.079000
22563928,1758739198156,sell,113654.200000,0.032000
22563929,1758739198169,buy,113654.300000,0.003000
22563930,1758739198290,sell,113654.200000,0.005000
22563931,1758739198589,sell,113654.200000,0.001000
22563932,1758739198642,buy,113654.300000,0.009000
22563933,1758739198848,sell,113654.200000,0.001000
22563934,1758739199088,sell,113654.200000,0.011000
22563935,1758739199476,buy,113654.300000,0.010000
22563936,1758739199945,buy,113654.300000,0.076000
22563937,1758739200000,sell,113654.200000,0.001000
22563938,1758739200092,buy,113654.300000,0.002000
22563939,1758739200125,sell,113654.200000,0.524000
22563940,1758739200125,sell,113654.100000,0.998000
22563941,1758739200155,buy,113654.100000,0.068000
22563942,1758739200173,sell,113654.100000,0.596000
22563943,1758739200599,buy,113654.200000,0.004000
22563944,1758739200608,sell,113654.100000,0.008000
22563945,1758739200609,buy,113654.200000,0.004000
22563946,1758739200609,sell,113654.100000,0.008000
22563947,1758739200614,buy,113654.200000,0.012000
22563948,1758739200618,sell,113654.100000,0.008000
22563949,1758739200619,buy,113654.200000,0.004000
22563950,1758739200987,sell,113654.100000,0.002000
22563951,1758739200992,buy,113654.200000,0.002000
22563952,1758739201044,sell,113654.100000,0.003000
22563953,1758739201086,buy,113654.200000,0.005000
22563954,1758739201165,sell,113654.100000,0.010000
22563955,1758739201341,sell,113654.100000,0.012000
22563956,1758739201379,buy,113654.200000,0.006000
22563957,1758739201457,sell,113654.100000,0.009000
22563958,1758739201459,buy,113654.200000,0.001000
22563959,1758739201618,sell,113654.100000,0.015000
22563960,1758739201739,sell,113654.100000,0.003000
22563961,1758739201772,buy,113654.200000,1.759000
22563962,1758739201913,buy,113654.200000,0.002000
22563963,1758739202088,sell,113654.100000,0.001000
22563964,1758739202188,buy,113654.200000,0.023000
22563965,1758739202477,buy,113654.200000,1.010000
22563966,1758739202535,sell,113654.100000,0.002000
22563967,1758739202897,sell,113654.100000,0.097000
22563968,1758739202929,buy,113654.200000,0.001000
22563969,1758739202945,sell,113654.100000,0.095000
22563970,1758739203099,sell,113654.100000,4.000000
22563971,1758739203120,buy,113654.200000,4.543000
22563972,1758739203342,sell,113654.100000,0.017000
22563973,1758739203438,buy,113654.200000,0.001000
22563974,1758739203489,sell,113654.100000,0.010000
22563975,1758739203710,sell,113654.100000,0.100000
22563976,1758739204067,sell,113654.100000,0.093000
22563977,1758739204357,sell,113654.100000,0.014000
22563978,1758739204370,buy,113654.200000,0.005000
22563979,1758739204724,buy,113654.200000,0.112000
22563980,1758739205440,buy,113654.200000,0.019000
22563981,1758739205650,buy,113654.100000,0.072000
22563982,1758739205832,sell,113654.100000,1.000000
22563983,1758739206019,sell,113654.100000,0.010000
22563984,1758739206069,buy,113654.200000,0.070000
22563985,1758739206083,sell,113654.100000,0.105000
22563986,1758739206208,sell,113654.100000,0.001000
22563987,1758739206683,buy,113654.200000,0.085000
22563988,1758739206881,buy,113654.200000,0.170000
22563989,1758739206976,sell,113654.100000,0.002000
22563990,1758739207186,buy,113654.200000,0.004000
22563991,1758739207259,sell,113654.100000,0.003000
22563992,1758739207358,buy,113654.100000,0.034000
22563993,1758739207394,sell,113654.100000,0.009000
22563994,1758739207554,buy,113654.200000,0.001000
22563995,1758739207697,buy,113654.200000,0.005000
22563996,1758739207734,sell,113654.100000,0.003000
22563997,1758739207884,sell,113654.100000,0.012000
22563998,1758739208084,sell,113654.100000,0.010000
22563999,1758739208085,buy,113654.200000,0.003000
22564000,1758739208115,sell,113654.100000,0.536000
22564001,1758739208248,sell,113654.100000,0.001000
22564002,1758739208428,sell,113654.100000,0.049000
22564003,1758739208463,buy,113654.200000,0.010000
22564004,1758739208754,buy,113654.200000,0.004000
22564005,1758739208831,sell,113654.100000,0.114000
22564006,1758739209298,buy,113654.200000,0.983000
22564007,1758739209601,buy,113654.200000,0.001000
22564008,1758739209663,sell,113654.100000,0.001000
22564009,1758739209999,buy,113654.200000,0.001000
22564010,1758739210016,sell,113654.100000,0.010000
22564011,1758739210029,buy,113654.200000,0.085000
22564012,1758739210189,buy,113654.100000,0.079000
22564013,1758739210299,sell,113654.100000,0.001000
22564014,1758739210370,buy,113654.200000,0.055000
22564015,1758739210763,sell,113654.100000,0.105000
22564016,1758739211245,sell,113654.100000,2.182000
22564017,1758739211327,buy,113654.200000,0.070000
22564018,1758739211477,buy,113654.200000,0.538000
22564019,1758739211658,buy,113654.200000,0.001000
22564020,1758739211812,sell,113654.100000,0.131000
22564021,1758739211944,sell,113654.100000,0.045000
22564022,1758739212243,buy,113654.200000,0.008000
22564023,1758739212358,sell,113654.100000,0.001000
22564024,1758739212486,buy,113654.200000,0.005000
22564025,1758739212576,sell,113654.100000,0.058000
22564026,1758739212912,buy,113654.200000,0.003000
22564027,1758739213290,buy,113654.200000,0.002000
22564028,1758739213472,sell,113654.100000,0.010000
22564029,1758739213551,buy,113654.200000,0.069000
22564030,1758739213707,buy,113654.200000,0.001000
22564031,1758739213761,sell,113654.100000,0.001000
22564032,1758739213868,sell,113654.100000,0.010000
22564033,1758739213877,buy,113654.200000,0.003000
22564034,1758739214192,buy,113654.100000,0.061000
22564035,1758739214405,sell,113654.100000,0.086000
22564036,1758739214468,buy,113654.200000,0.010000
22564037,1758739214921,sell,113654.100000,0.008000
22564038,1758739214955,buy,113654.200000,0.001000
22564039,1758739215428,sell,113654.100000,0.032000
22564040,1758739215430,buy,113654.200000,0.041000
22564041,1758739215840,sell,113654.100000,0.010000
22564042,1758739215960,buy,113654.200000,0.008000
22564043,1758739216098,sell,113654.100000,0.019000
22564044,1758739216134,buy,113654.200000,0.023000
22564045,1758739216204,sell,113654.100000,0.016000
22564046,1758739216343,sell,113654.100000,0.042000
22564047,1758739216788,sell,113654.100000,0.440000
22564048,1758739216903,sell,113654.100000,0.001000
22564049,1758739217071,buy,113654.200000,0.002000
22564050,1758739217135,buy,113654.100000,0.051000
22564051,1758739217181,buy,113654.200000,0.001000
22564052,1758739217317,buy,113654.200000,4.000000
22564053,1758739217452,buy,113654.200000,0.010000
22564054,1758739217509,sell,113654.100000,4.105000
22564055,1758739217778,sell,113654.100000,0.010000
22564056,1758739218250,buy,113654.200000,0.001000
22564057,1758739218569,sell,113654.100000,0.006000
22564058,1758739218770,sell,113654.100000,0.178000
22564059,1758739218801,buy,113654.200000,0.385000
22564060,1758739218950,sell,113654.100000,0.001000
22564061,1758739218994,buy,113654.200000,0.184000
22564062,1758739219335,sell,113654.100000,0.116000
22564063,1758739219514,sell,113654.100000,0.032000
22564064,1758739219719,sell,113654.100000,0.010000
22564065,1758739220105,buy,113654.200000,0.439000
22564066,1758739220312,buy,113654.200000,0.001000
22564067,1758739220476,buy,113654.200000,0.010000
22564068,1758739220951,sell,113654.100000,0.009000
22564069,1758739221410,sell,113654.100000,0.105000
22564070,1758739221655,sell,113654.100000,0.010000
22564071,1758739221699,buy,113654.200000,0.078000
22564072,1758739221904,buy,113654.200000,0.078000
22564073,1758739221985,buy,113654.100000,0.085000
22564074,1758739222158,sell,113654.100000,0.017000
22564075,1758739222379,buy,113654.200000,0.001000
22564076,1758739223012,buy,113654.200000,0.014000
22564077,1758739223076,sell,113654.100000,0.001000
22564078,1758739223458,buy,113654.200000,0.010000
22564079,1758739223602,sell,113654.100000,0.010000
22564080,1758739223738,sell,113654.100000,0.061000
22564081,1758739224077,sell,113654.100000,0.003000
22564082,1758739224098,buy,113654.200000,0.105000
22564083,1758739224148,sell,113654.100000,0.183000
22564084,1758739224284,buy,113654.200000,0.317000
22564085,1758739224432,buy,113654.200000,0.004000
22564086,1758739224842,buy,113654.200000,0.050000
22564087,1758739224946,sell,113654.100000,4.000000
22564088,1758739225070,sell,113654.100000,0.704000
22564089,1758739225080,buy,113654.200000,4.000000
22564090,1758739225143,sell,113654.100000,0.004000
22564091,1758739225478,buy,113654.200000,0.003000
22564092,1758739225687,sell,113654.100000,0.078000
22564093,1758739225714,buy,113654.200000,0.004000
22564094,1758739225813,sell,113654.100000,0.538000
22564095,1758739226293,sell,113654.100000,0.001000
22564096,1758739226451,buy,113654.200000,0.054000
22564097,1758739226486,buy,113654.100000,0.055000
22564098,1758739226541,buy,113654.200000,0.006000
22564099,1758739226947,buy,113654.200000,0.001000
22564100,1758739227065,sell,113654.100000,0.001000
22564101,1758739227492,sell,113654.100000,0.006000
22564102,1758739227631,buy,113654.200000,0.007000
22564103,1758739227643,sell,113654.100000,0.001000
22564104,1758739227797,sell,113654.100000,0.058000
22564105,1758739227957,sell,113654.100000,0.010000
22564106,1758739228492,sell,113654.100000,0.013000
22564107,1758739228496,buy,113654.200000,0.002000
22564108,1758739228620,buy,113654.200000,0.005000
22564109,1758739228872,buy,113654.200000,0.011000
22564110,1758739228995,buy,113654.200000,0.705000
22564111,1758739229103,buy,113654.200000,0.527000
22564112,1758739229184,sell,113654.100000,0.004000
22564113,1758739229422,buy,113654.200000,0.337000
22564114,1758739229640,buy,113654.200000,0.003000
22564115,1758739229663,sell,113654.100000,4.525000
22564116,1758739230092,buy,113654.200000,0.024000
22564117,1758739230395,buy,113654.100000,0.051000
22564118,1758739230675,buy,113654.200000,0.010000
22564119,1758739230715,sell,113654.100000,0.023000
22564120,1758739230943,sell,113654.100000,0.115000
22564121,1758739231054,buy,113654.200000,0.001000
22564122,1758739231224,sell,113654.100000,0.003000
22564123,1758739231532,buy,113654.100000,0.116000
22564124,1758739231624,buy,113654.200000,0.003000
22564125,1758739231687,sell,113654.100000,0.021000
22564126,1758739232336,buy,113654.200000,0.264000
22564127,1758739232478,buy,113654.200000,0.010000
22564128,1758739232711,sell,113654.100000,0.003000
22564129,1758739232742,buy,113654.200000,0.010000
22564130,1758739233113,buy,113654.200000,0.001000
22564131,1758739233706,buy,113654.200000,0.008000
22564132,1758739233714,sell,113654.100000,0.009000
22564133,1758739233900,sell,113654.100000,0.053000
22564134,1758739234002,buy,113654.200000,0.105000
22564135,1758739234374,sell,113654.100000,0.003000
22564136,1758739234434,buy,113654.200000,0.105000
22564137,1758739234711,buy,113654.200000,0.003000
22564138,1758739234806,sell,113654.100000,0.439000
22564139,1758739234807,buy,113654.200000,0.010000
22564140,1758739235008,sell,113654.100000,0.170000
22564141,1758739235011,buy,113654.200000,1.126000
22564142,1758739235172,buy,113654.200000,1.831000
22564143,1758739235368,buy,113654.200000,1.668000
22564144,1758739235598,buy,113654.200000,0.043000
22564145,1758739235759,buy,113654.200000,0.392000
22564146,1758739236082,buy,113654.200000,0.189000
22564147,1758739236396,buy,113654.200000,0.136000
22564148,1758739236464,sell,113654.100000,0.008000
22564149,1758739236474,buy,113654.200000,0.055000
22564150,1758739236646,sell,113654.100000,0.133000
22564151,1758739236812,sell,113654.100000,0.001000
22564152,1758739236907,buy,113654.200000,0.077000
22564153,1758739237150,buy,113654.200000,0.001000
22564154,1758739237340,sell,113654.100000,0.003000
22564155,1758739237487,buy,113654.200000,0.004000
22564156,1758739237637,sell,113654.100000,0.002000
22564157,1758739237682,buy,113654.200000,0.442000
22564158,1758739237983,buy,113654.200000,0.060000
22564159,1758739238074,sell,113654.100000,0.029000
22564160,1758739238260,buy,113654.200000,4.000000
22564161,1758739238435,sell,113654.100000,4.000000
22564162,1758739238452,buy,113654.200000,0.010000
22564163,1758739238847,buy,113654.200000,0.007000
22564164,1758739239125,buy,113654.100000,0.133000
22564165,1758739239218,sell,113654.100000,0.264000
22564166,1758739239411,sell,113654.100000,0.101000
22564167,1758739239510,buy,113654.200000,0.006000
22564168,1758739239527,sell,113654.100000,0.003000
22564169,1758739239576,buy,113654.200000,0.028000
22564170,1758739239930,buy,113654.200000,0.009000
22564171,1758739240055,sell,113654.100000,1.081000
22564172,1758739240131,buy,113654.200000,0.004000
22564173,1758739240373,buy,113654.200000,0.003000
22564174,1758739240527,buy,113654.200000,0.005000
22564175,1758739240730,buy,113654.200000,0.624000
22564176,1758739240837,buy,113654.300000,0.040000
22564177,1758739240898,buy,113654.400000,0.003000
22564178,1758739240898,buy,113654.500000,0.007000
22564179,1758739240898,buy,113654.600000,0.010000
22564180,1758739240898,buy,113655.000000,0.060000
22564181,1758739240898,buy,113656.000000,0.064000
22564182,1758739240898,buy,113657.000000,0.062000
22564183,1758739240899,buy,113657.900000,0.017000
22564184,1758739240899,buy,113658.000000,0.002000
22564185,1758739240899,buy,113659.000000,0.002000
22564186,1758739240942,buy,113663.900000,0.031000
22564187,1758739240942,sell,113654.400000,0.442000
22564188,1758739240942,sell,113654.200000,1.137000
22564189,1758739240955,buy,113655.000000,0.010000
22564190,1758739240976,buy,113663.900000,0.010000
22564191,1758739240976,buy,113665.500000,0.001000
22564192,1758739240976,buy,113665.600000,0.008000
22564193,1758739240990,buy,113666.200000,0.066000
22564194,1758739240991,buy,113663.800000,0.001000
22564195,1758739240992,buy,113663.900000,0.010000
22564196,1758739240992,buy,113666.200000,2.373000
22564197,1758739241020,buy,113663.900000,0.010000
22564198,1758739241036,buy,113667.800000,0.004000
22564199,1758739241036,buy,113668.500000,0.007000
22564200,1758739241078,buy,113665.900000,0.009000
22564201,1758739241106,buy,113666.200000,0.010000
22564202,1758739241106,buy,113668.500000,0.153000
22564203,1758739241138,buy,113667.800000,0.010000
22564204,1758739241168,buy,113668.500000,0.004000
22564205,1758739241214,sell,113666.000000,0.001000
22564206,1758739241214,sell,113665.800000,0.009000
22564207,1758739241318,buy,113668.500000,0.035000
22564208,1758739241445,buy,113668.500000,0.020000
22564209,1758739241603,buy,113668.500000,0.074000
22564210,1758739241726,buy,113668.500000,0.171000
22564211,1758739241829,buy,113668.500000,0.010000
22564212,1758739242066,buy,113668.500000,0.010000
22564213,1758739242070,sell,113668.400000,0.061000
22564214,1758739242100,buy,113668.500000,0.008000
22564215,1758739242273,sell,113668.400000,0.549000
22564216,1758739242472,buy,113668.500000,0.203000
22564217,1758739242488,sell,113668.400000,0.006000
22564218,1758739242564,buy,113668.500000,0.001000
22564219,1758739242907,buy,113668.500000,0.131000
22564220,1758739243109,buy,113668.500000,0.032000
22564221,1758739243109,buy,113668.600000,0.013000
22564222,1758739243109,buy,113669.500000,0.294000
22564223,1758739243165,sell,113668.500000,0.088000
22564224,1758739243278,buy,113669.500000,0.120000
22564225,1758739243439,sell,113669.400000,0.017000
22564226,1758739243546,sell,113669.400000,0.005000
22564227,1758739243624,buy,113669.500000,0.033000
22564228,1758739243666,sell,113669.400000,0.010000
22564229,1758739243970,buy,113669.500000,0.454000
22564230,1758739243970,buy,113670.000000,0.020000
22564231,1758739243970,buy,113672.200000,0.006000
22564232,1758739244009,buy,113672.900000,0.013000
22564233,1758739244301,buy,113672.800000,0.086000
22564234,1758739244301,buy,113672.900000,0.010000
22564235,1758739244402,buy,113672.900000,0.243000
22564236,1758739244751,sell,113672.800000,0.065000
22564237,1758739245015,sell,113672.800000,0.088000
22564238,1758739245279,buy,113672.900000,0.153000
22564239,1758739245283,sell,113672.800000,0.003000
22564240,1758739245546,sell,113672.800000,0.002000
22564241,1758739245596,buy,113672.900000,1.525000
22564242,1758739245728,buy,113672.900000,0.010000
22564243,1758739245992,sell,113672.800000,4.180000
22564244,1758739246112,buy,113672.900000,4.105000
22564245,1758739246257,buy,113672.900000,0.010000
22564246,1758739246985,buy,113672.900000,0.087000
22564247,1758739247097,sell,113672.800000,0.329000
22564248,1758739247466,buy,113672.900000,0.010000
22564249,1758739247726,buy,113672.900000,0.012000
22564250,1758739248002,sell,113672.800000,0.033000
22564251,1758739248502,buy,113672.800000,0.206000
22564252,1758739248545,buy,113672.900000,0.148000
22564253,1758739248629,sell,113672.800000,0.010000
22564254,1758739248639,buy,113672.900000,0.010000
22564255,1758739248888,buy,113672.900000,0.001000
22564256,1758739249162,buy,113672.900000,0.214000
22564257,1758739249298,sell,113672.800000,0.003000
22564258,1758739249406,sell,113672.800000,0.003000
22564259,1758739249780,buy,113672.900000,0.005000
22564260,1758739249982,buy,113672.900000,0.003000
22564261,1758739249986,sell,113672.800000,0.017000
22564262,1758739250321,buy,113672.900000,0.011000
22564263,1758739250484,buy,113672.900000,0.010000
22564264,1758739250586,sell,113672.800000,0.181000
22564265,1758739250589,buy,113672.900000,0.010000
22564266,1758739250753,buy,113672.900000,0.033000
22564267,1758739251071,sell,113672.800000,0.001000
22564268,1758739252143,buy,113672.900000,0.078000
22564269,1758739252284,sell,113672.800000,0.327000
22564270,1758739252484,sell,113672.800000,0.003000
22564271,1758739252667,buy,113672.800000,0.229000
22564272,1758739252815,buy,113672.900000,0.012000
22564273,1758739253005,buy,113672.900000,0.250000
22564274,1758739253478,buy,113672.900000,0.010000
22564275,1758739253783,sell,113672.800000,0.003000
22564276,1758739254108,buy,113672.900000,0.011000
22564277,1758739254231,buy,113672.900000,4.057000
22564278,1758739254324,sell,113672.800000,0.766000
22564279,1758739254443,sell,113672.800000,0.017000
22564280,1758739254525,buy,113672.900000,2.680000
22564281,1758739254832,sell,113672.800000,0.044000
22564282,1758739254937,buy,113672.900000,0.010000
22564283,1758739255128,sell,113672.800000,0.149000
22564284,1758739255311,sell,113672.800000,0.102000
22564285,1758739255481,sell,113672.800000,0.011000
22564286,1758739255708,sell,113672.800000,0.003000
22564287,1758739255873,buy,113672.900000,0.029000
22564288,1758739256047,buy,113672.900000,0.003000
22564289,1758739256466,buy,113672.900000,0.010000
22564290,1758739257032,buy,113672.900000,0.439000
22564291,1758739257230,buy,113672.900000,0.010000
22564292,1758739257391,buy,113672.800000,0.105000
22564293,1758739257488,buy,113672.900000,0.006000
22564294,1758739257696,buy,113672.900000,0.017000
22564295,1758739257759,sell,113672.800000,0.002000
22564296,1758739257969,sell,113672.800000,1.865000
22564297,1758739258133,buy,113672.900000,0.095000
22564298,1758739258653,buy,113672.900000,0.068000
22564299,1758739258753,sell,113672.800000,0.002000
22564300,1758739259035,sell,113672.800000,0.056000
22564301,1758739259140,buy,113672.900000,0.003000
22564302,1758739259152,sell,113672.800000,4.087000
22564303,1758739259258,sell,113672.800000,0.010000
22564304,1758739259331,buy,113672.900000,0.012000
22564305,1758739259453,buy,113672.900000,0.010000
22564306,1758739259517,sell,113672.800000,0.003000
22564307,1758739259700,sell,113672.800000,0.001000
22564308,1758739260003,sell,113672.800000,0.008000
22564309,1758739260162,sell,113672.800000,0.127000
22564310,1758739260251,buy,113672.900000,0.023000
22564311,1758739260607,buy,113672.900000,4.398000
22564312,1758739260743,sell,113672.800000,0.045000
22564313,1758739260865,sell,113672.800000,0.835000
22564314,1758739261129,buy,113672.900000,0.703000
22564315,1758739261221,sell,113672.800000,0.011000
22564316,1758739261317,buy,113672.800000,0.284000
22564317,1758739261320,buy,113672.900000,0.066000
22564318,1758739261543,buy,113672.900000,0.020000
22564319,1758739261627,sell,113672.800000,0.003000
22564320,1758739261947,buy,113672.900000,0.014000
22564321,1758739262453,buy,113672.900000,0.010000
22564322,1758739262496,sell,113672.800000,0.527000
22564323,1758739262639,buy,113672.900000,0.001000
22564324,1758739262761,buy,113672.900000,0.001000
22564325,1758739263001,sell,113672.800000,0.723000
22564326,1758739263291,sell,113672.800000,0.004000
22564327,1758739263551,sell,113672.800000,0.010000
22564328,1758739264154,sell,113672.800000,0.028000
22564329,1758739264183,buy,113672.900000,0.031000
22564330,1758739264187,sell,113672.800000,0.010000
22564331,1758739264304,sell,113672.800000,0.775000
22564332,1758739264412,sell,113672.800000,0.044000
22564333,1758739264416,buy,113672.900000,0.003000
22564334,1758739264687,buy,113672.900000,0.002000
22564335,1758739264750,sell,113672.800000,0.003000
22564336,1758739265319,buy,113672.900000,0.527000
22564337,1758739265389,sell,113672.800000,0.001000
22564338,1758739265456,buy,113672.900000,0.010000
22564339,1758739265656,buy,113672.900000,0.003000
22564340,1758739265783,sell,113672.800000,0.010000
22564341,1758739266102,sell,113672.800000,0.003000
22564342,1758739266356,sell,113672.800000,0.001000
22564343,1758739266650,buy,113672.900000,0.008000
22564344,1758739266680,sell,113672.800000,0.166000
22564345,1758739267053,sell,113672.800000,0.009000
22564346,1758739267180,buy,113672.900000,0.001000
22564347,1758739267219,buy,113672.800000,0.163000
22564348,1758739267242,sell,113672.800000,0.001000
22564349,1758739267489,sell,113672.800000,0.004000
22564350,1758739267878,sell,113672.800000,0.011000
22564351,1758739268478,buy,113672.900000,0.010000
22564352,1758739268604,sell,113672.800000,0.194000
22564353,1758739268618,buy,113672.900000,0.055000
22564354,1758739268742,sell,113672.800000,0.252000
22564355,1758739268873,buy,113672.900000,0.032000
22564356,1758739268955,sell,113672.800000,0.003000
22564357,1758739268990,buy,113672.900000,0.120000
22564358,1758739269225,buy,113672.900000,0.001000
22564359,1758739269327,sell,113672.800000,0.001000
22564360,1758739269621,sell,113672.800000,0.009000
22564361,1758739269925,sell,113672.800000,0.001000
22564362,1758739270606,buy,113672.900000,0.002000
22564363,1758739270691,sell,113672.800000,0.449000
22564364,1758739270851,buy,113672.900000,0.900000
22564365,1758739271053,buy,113672.900000,0.003000
22564366,1758739271288,buy,113672.900000,0.044000
22564367,1758739271456,buy,113672.800000,0.302000
22564368,1758739271457,sell,113672.800000,0.142000
22564369,1758739271467,buy,113672.900000,0.010000
22564370,1758739271524,sell,113672.800000,0.003000
22564371,1758739271567,buy,113672.900000,0.098000
22564372,1758739272136,sell,113672.800000,0.001000
22564373,1758739272468,buy,113672.900000,0.153000
22564374,1758739272672,buy,113672.900000,0.001000
22564375,1758739272679,sell,113672.800000,0.053000
22564376,1758739272935,buy,113672.900000,0.490000
22564377,1758739273493,buy,113672.900000,0.001000
22564378,1758739273528,sell,113672.800000,1.760000
22564379,1758739273635,sell,113672.800000,0.057000
22564380,1758739273833,sell,113672.800000,0.098000
22564381,1758739274071,sell,113672.800000,0.276000
22564382,1758739274117,buy,113672.900000,0.439000
22564383,1758739274190,sell,113672.800000,0.001000
22564384,1758739274441,sell,113672.800000,0.051000
22564385,1758739274463,buy,113672.900000,0.010000
22564386,1758739274694,sell,113672.800000,0.010000
22564387,1758739275048,buy,113672.900000,0.003000
22564388,1758739275295,sell,113672.800000,0.050000
22564389,1758739275312,buy,113672.900000,0.220000
22564390,1758739275386,sell,113672.800000,0.003000
22564391,1758739275539,buy,113672.900000,0.001000
22564392,1758739275977,sell,113672.800000,0.008000
22564393,1758739276238,sell,113672.800000,0.001000
22564394,1758739276675,sell,113672.800000,0.010000
22564395,1758739277057,buy,113672.800000,0.165000
22564396,1758739277465,buy,113672.900000,0.010000
22564397,1758739277552,sell,113672.800000,0.487000
22564398,1758739277640,buy,113672.900000,0.001000
22564399,1758739277701,sell,113672.800000,0.900000
22564400,1758739277846,buy,113672.900000,0.027000
22564401,1758739277954,sell,113672.800000,0.001000
22564402,1758739278002,buy,113672.900000,1.325000
22564403,1758739278179,sell,113672.800000,0.003000
22564404,1758739278185,buy,113672.900000,0.002000
22564405,1758739278476,buy,113672.900000,0.001000
22564406,1758739278497,sell,113672.800000,0.007000
22564407,1758739278587,buy,113672.800000,0.409000
22564408,1758739278640,buy,113672.900000,0.010000
22564409,1758739278766,sell,113672.800000,0.010000
22564410,1758739279026,sell,113672.800000,0.008000
22564411,1758739279104,buy,113672.900000,3.500000
22564412,1758739279234,sell,113672.800000,3.640000
22564413,1758739279622,sell,113672.800000,0.001000
22564414,1758739280034,buy,113672.900000,0.003000
22564415,1758739280143,sell,113672.800000,0.092000
22564416,1758739280260,buy,113672.900000,0.074000
22564417,1758739280375,sell,113672.800000,0.003000
22564418,1758739280448,buy,113672.900000,0.181000
22564419,1758739280711,sell,113672.800000,0.015000
22564420,1758739280945,buy,113672.900000,0.063000
22564421,1758739281265,buy,113672.900000,0.005000
22564422,1758739281300,sell,113672.800000,0.010000
22564423,1758739281412,buy,113672.900000,0.018000
22564424,1758739281476,sell,113672.800000,0.160000
22564425,1758739281679,sell,113672.800000,0.001000
22564426,1758739281788,sell,113672.800000,0.001000
22564427,1758739281945,sell,113672.800000,0.006000
22564428,1758739282251,sell,113672.800000,0.036000
22564429,1758739282408,sell,113672.800000,0.003000
22564430,1758739282487,buy,113672.900000,0.006000
22564431,1758739282776,sell,113672.800000,0.241000
22564432,1758739282922,sell,113672.800000,0.011000
22564433,1758739283047,buy,113672.900000,0.001000
22564434,1758739283431,sell,113672.800000,0.029000
22564435,1758739283476,buy,113672.900000,0.010000
22564436,1758739283597,buy,113672.900000,0.003000
22564437,1758739283747,sell,113672.800000,0.001000
22564438,1758739284001,sell,113672.800000,0.003000
22564439,1758739284198,sell,113672.800000,0.029000
22564440,1758739284411,sell,113672.800000,0.003000
22564441,1758739284634,sell,113672.800000,0.565000
22564442,1758739284973,sell,113672.800000,0.010000
22564443,1758739285105,buy,113672.900000,0.072000
22564444,1758739285268,sell,113672.800000,0.001000
22564445,1758739285420,sell,113672.800000,0.105000
22564446,1758739285766,buy,113672.900000,0.009000
22564447,1758739285802,sell,113672.800000,0.001000
22564448,1758739285963,buy,113672.900000,0.009000
22564449,1758739286156,buy,113672.900000,0.003000
22564450,1758739286346,buy,113672.800000,0.293000
22564451,1758739286397,sell,113672.800000,0.008000
22564452,1758739286479,buy,113672.900000,0.010000
22564453,1758739286491,sell,113672.800000,0.003000
22564454,1758739286493,buy,113672.900000,0.044000
22564455,1758739286910,sell,113672.800000,0.010000
22564456,1758739286932,buy,113672.900000,0.001000
22564457,1758739287149,buy,113672.900000,0.001000
22564458,1758739287268,buy,113672.900000,0.001000
22564459,1758739287574,buy,113672.900000,0.003000
22564460,1758739287582,sell,113672.800000,0.001000
22564461,1758739287847,sell,113672.800000,0.001000
22564462,1758739287895,buy,113672.900000,0.879000
22564463,1758739287957,sell,113672.800000,0.046000
22564464,1758739287996,buy,113672.900000,0.003000
22564465,1758739288617,sell,113672.800000,0.234000
22564466,1758739288961,sell,113672.800000,3.510000
22564467,1758739289120,sell,113672.800000,0.199000
22564468,1758739289209,buy,113672.900000,3.501000
22564469,1758739289225,sell,113672.800000,0.010000
22564470,1758739289482,buy,113672.900000,0.010000
22564471,1758739289640,sell,113672.800000,0.004000
22564472,1758739289675,buy,113672.900000,0.145000
22564473,1758739289692,sell,113672.800000,0.537000
22564474,1758739289749,buy,113672.900000,0.003000
22564475,1758739289800,sell,113672.800000,0.005000
22564476,1758739289904,sell,113672.800000,0.007000
22564477,1758739289944,buy,113672.900000,0.970000
22564478,1758739290078,sell,113672.800000,0.005000
22564479,1758739290176,buy,113672.900000,0.061000
22564480,1758739290208,sell,113672.800000,0.228000
22564481,1758739290308,buy,113672.900000,0.263000
22564482,1758739290326,sell,113672.800000,0.014000
22564483,1758739290452,sell,113672.800000,0.018000
22564484,1758739290501,buy,113672.900000,0.018000
22564485,1758739290503,sell,113672.800000,0.005000
22564486,1758739290503,buy,113672.800000,0.124000
22564487,1758739290599,sell,113672.800000,0.022000
22564488,1758739290677,buy,113672.900000,0.004000
22564489,1758739290694,sell,113672.800000,0.006000
22564490,1758739290715,buy,113672.900000,0.003000
22564491,1758739290774,sell,113672.800000,0.006000
22564492,1758739290816,buy,113672.900000,0.005000
22564493,1758739290824,sell,113672.800000,0.006000
22564494,1758739290959,buy,113672.900000,0.006000
22564495,1758739290967,sell,113672.800000,0.004000
22564496,1758739290991,buy,113672.900000,0.007000
22564497,1758739291052,sell,113672.800000,0.004000
22564498,1758739291093,buy,113672.900000,0.004000
22564499,1758739291268,buy,113672.900000,0.064000
22564500,1758739291375,sell,113672.800000,0.051000
22564501,1758739291525,sell,113672.800000,0.016000
22564502,1758739291835,sell,113672.800000,0.002000
22564503,1758739291964,sell,113672.800000,0.001000
22564504,1758739292208,buy,113672.800000,0.178000
22564505,1758739292455,buy,113672.900000,0.017000
22564506,1758739292570,sell,113672.800000,0.089000
22564507,1758739292806,buy,113672.900000,0.530000
22564508,1758739293198,sell,113672.800000,0.003000
22564509,1758739293640,buy,113672.900000,0.010000
22564510,1758739293776,buy,113672.900000,0.001000
22564511,1758739293843,sell,113672.800000,0.010000
22564512,1758739293876,buy,113672.900000,0.036000
22564513,1758739294020,buy,113672.900000,0.003000
22564514,1758739294038,sell,113672.800000,0.363000
22564515,1758739294373,sell,113672.800000,0.003000
22564516,1758739294486,sell,113672.800000,0.001000
22564517,1758739295122,sell,113672.800000,0.010000
22564518,1758739295125,buy,113672.900000,0.268000
22564519,1758739295358,buy,113672.900000,0.008000
22564520,1758739295466,buy,113672.900000,0.010000
22564521,1758739295845,buy,113672.900000,0.001000
22564522,1758739296160,buy,113672.900000,0.010000
22564523,1758739296243,sell,113672.800000,0.010000
22564524,1758739296378,sell,113672.800000,0.008000
22564525,1758739296398,buy,113672.900000,0.002000
22564526,1758739296456,buy,113672.800000,0.209000
22564527,1758739296541,sell,113672.800000,0.001000
22564528,1758739297004,sell,113672.800000,0.100000
22564529,1758739297135,sell,113672.800000,0.001000
22564530,1758739297372,buy,113672.900000,1.268000
22564531,1758739297486,sell,113672.800000,0.006000
22564532,1758739297646,sell,113672.800000,0.050000
22564533,1758739297895,buy,113672.900000,0.004000
22564534,1758739298143,buy,113672.900000,0.010000
22564535,1758739298206,sell,113672.800000,0.001000
22564536,1758739298428,sell,113672.800000,0.005000
22564537,1758739298478,buy,113672.900000,0.010000
22564538,1758739298608,sell,113672.800000,0.106000
22564539,1758739298829,buy,113672.900000,0.008000
22564540,1758739299042,sell,113672.800000,0.244000
22564541,1758739299049,buy,113672.900000,0.083000
22564542,1758739299082,buy,113672.800000,0.141000
22564543,1758739299333,buy,113672.900000,0.093000
22564544,1758739299765,buy,113672.900000,0.003000
22564545,1758739299979,buy,113672.900000,0.001000
22564546,1758739300000,sell,113672.800000,0.108000
22564547,1758739300145,buy,113672.900000,0.003000
22564548,1758739300265,buy,113672.900000,0.010000
22564549,1758739300266,sell,113672.800000,0.010000
22564550,1758739300483,sell,113672.800000,0.003000
22564551,1758739300646,buy,113672.900000,0.079000
22564552,1758739300675,sell,113672.800000,0.001000
22564553,1758739300681,buy,113672.900000,0.073000
22564554,1758739300826,sell,113672.800000,0.069000
22564555,1758739301203,sell,113672.800000,0.098000
22564556,1758739301469,buy,113672.900000,0.010000
22564557,1758739301726,sell,113672.800000,0.001000
22564558,1758739301748,buy,113672.900000,0.004000
22564559,1758739301825,sell,113672.800000,0.087000
22564560,1758739302025,buy,113672.900000,0.148000
22564561,1758739302132,sell,113672.800000,0.010000
22564562,1758739302237,buy,113672.900000,0.010000
22564563,1758739302722,sell,113672.800000,0.001000
22564564,1758739302752,buy,113672.900000,0.005000
22564565,1758739302935,sell,113672.800000,0.279000
22564566,1758739303202,sell,113672.800000,0.008000
22564567,1758739303348,sell,113672.800000,0.104000
22564568,1758739303521,buy,113672.900000,0.001000
22564569,1758739303744,buy,113672.900000,0.025000
22564570,1758739303835,sell,113672.800000,0.001000
22564571,1758739303853,buy,113672.900000,0.090000
22564572,1758739304070,buy,113672.900000,0.001000
22564573,1758739304255,sell,113672.800000,0.003000
22564574,1758739304357,buy,113672.900000,0.010000
22564575,1758739304396,sell,113672.800000,0.105000
22564576,1758739304458,buy,113672.900000,0.142000
22564577,1758739304505,sell,113672.800000,0.002000
22564578,1758739304581,buy,113672.900000,0.003000
22564579,1758739304662,sell,113672.800000,0.010000
22564580,1758739304768,sell,113672.800000,0.001000
22564581,1758739304955,sell,113672.800000,0.122000
22564582,1758739305204,sell,113672.800000,0.025000
22564583,1758739305665,buy,113672.900000,0.008000
22564584,1758739305684,buy,113672.800000,0.211000
22564585,1758739306123,buy,113672.900000,0.001000
22564586,1758739306305,buy,113672.900000,0.010000
22564587,1758739306821,sell,113672.800000,0.001000
22564588,1758739307127,buy,113672.900000,0.008000
22564589,1758739307453,buy,113672.900000,0.010000
22564590,1758739307708,sell,113672.800000,0.001000
22564591,1758739308036,buy,113672.900000,0.403000
22564592,1758739308187,buy,113672.900000,0.001000
22564593,1758739308283,sell,113672.800000,0.124000
22564594,1758739308383,buy,113672.900000,0.010000
22564595,1758739308728,sell,113672.800000,0.010000
22564596,1758739308875,sell,113672.800000,0.001000
22564597,1758739309183,sell,113672.800000,0.002000
22564598,1758739309451,sell,113672.800000,0.105000
22564599,1758739309675,sell,113672.800000,0.352000
22564600,1758739309763,buy,113672.900000,0.005000
22564601,1758739309856,sell,113672.800000,0.193000
22564602,1758739310204,sell,113672.800000,0.009000
22564603,1758739310427,buy,113672.900000,0.020000
22564604,1758739310543,sell,113672.800000,0.581000
22564605,1758739310561,sell,113672.700000,0.004000
22564606,1758739310561,sell,113672.600000,1.004000
22564607,1758739310608,sell,113672.500000,0.001000
22564608,1758739310608,sell,113672.400000,0.024000
22564609,1758739310609,sell,113672.300000,0.022000
22564610,1758739310609,sell,113672.000000,0.014000
22564611,1758739310684,buy,113672.700000,0.001000
22564612,1758739310752,sell,113672.600000,0.012000
22564613,1758739310778,buy,113672.700000,0.006000
22564614,1758739310873,sell,113672.600000,0.020000
22564615,1758739310940,sell,113672.000000,0.018000
22564616,1758739310940,sell,113671.700000,0.024000
22564617,1758739310940,sell,113671.600000,0.068000
22564618,1758739310940,sell,113671.100000,0.022000
22564619,1758739310940,sell,113671.000000,0.002000
22564620,1758739310940,sell,113670.800000,0.002000
22564621,1758739310986,sell,113672.000000,0.010000
22564622,1758739311113,sell,113670.000000,0.007000
22564623,1758739311397,sell,113670.000000,0.005000
22564624,1758739311413,buy,113670.100000,0.010000
22564625,1758739311414,sell,113670.000000,0.010000
22564626,1758739311675,sell,113670.000000,0.015000
22564627,1758739311819,sell,113670.000000,0.019000
22564628,1758739312084,sell,113670.000000,0.012000
22564629,1758739312316,buy,113670.100000,0.006000
22564630,1758739312438,buy,113670.000000,0.243000
22564631,1758739312463,buy,113670.100000,0.052000
